3275 4917
484 278 562 334 Poro
580 279 731 334 secundo:
752 272 796 331 De
814 276 1030 332 nomomensis.
1312 254 1375 319 439

133 457 308 522 illustretur
329 453 509 532 luminibus,
533 453 565 518 ot
586 450 667 516 aliae
686 448 790 515 adsint
814 465 971 531 personae.
1013 446 1091 513 Cum
1117 465 1187 511 nero
1210 447 1376 530 aegrotan-

133 562 212 627 tium
237 559 400 625 mulierum
425 556 628 623 contessioaes
651 553 733 619 domi
759 550 929 618 audiendae
952 551 1025 630 siut,
1050 551 1184 616 cubiculi
1200 551 1325 627 ostium,
1349 550 1375 615 si

134 665 200 729 fieri
224 663 330 747 possit,
355 662 400 729 ita
420 664 528 747 pateat
550 662 586 725 ut
606 657 811 724 contessarius
828 656 937 734 rideri,
961 674 1020 720 non
1036 656 1141 723 autem
1156 655 1256 720 audiri
1272 658 1374 738 queat.

241 767 289 835 19.
313 766 443 833 Medicis
458 783 529 831 varo
549 766 581 830 et
601 761 755 848 chirurgia
771 762 802 825 in
825 760 1003 826 memoriam
1020 760 1195 844 frequenter
1212 758 1376 825 reducatur

134 890 228 956 quam
249 871 357 937 stricte
387 872 552 935 teneantur
581 867 763 951 tempestive
796 882 918 930 monere
949 866 1087 949 graviter
1116 866 1312 948 aegrotantes
1342 866 1377 929 ut

134 974 348 1042 Poenitantiae
371 974 600 1039 sacramentum
624 970 786 1054 recipiant.

238 1081 290 1147 20.
325 1078 423 1143 Iidem
454 1074 619 1143 contessari
649 1077 752 1141 autem
784 1091 889 1139 omncs
911 1092 981 1138 curn
1006 1072 1159 1139 charitate
1181 1075 1214 1137 ot
1234 1072 1376 1138 indiscri-

135 1183 277 1248 minatim
301 1182 464 1265 excipiant,
488 1198 558 1245 cum
583 1179 660 1245 illud
686 1178 774 1244 Pauli
799 1196 852 1261 pro
873 1196 906 1243 ss
929 1177 1059 1261 quisque
1076 1196 1231 1243 assumere
1248 1176 1375 1242 debeat:

138 1286 352 1369 »sapientibus
374 1289 407 1351 et
427 1284 646 1368 insipientibus
667 1282 787 1348 debitor
810 1285 947 1363 sum1).«
996 1281 1073 1346 Gom
1099 1300 1169 1347 nero
1193 1282 1378 1365 gravissima

136 1390 265 1455 audiant
288 1392 426 1473 paccata,
449 1385 592 1473 aquosis
606 1386 823 1453 admirationis
838 1385 886 1450 rel
902 1385 1127 1470 indignationis
1143 1384 1231 1469 signo
1247 1388 1378 1451 caveant

136 1494 392 1577 meminerintque
412 1492 522 1561 Jesunr
545 1490 704 1559 Christum
728 1508 787 1555 uon
811 1509 866 1574 pro
887 1489 988 1569 iustis,
1010 1488 1063 1553 sed
1088 1509 1142 1573 pro
1165 1490 1377 1572 peccatoribus

138 1597 348 1663 Poenitantiae
376 1598 602 1664 sacramentum
634 1595 807 1661 instituisse
838 1596 931 1679 atque
960 1613 1012 1660 ore
1039 1612 1095 1659 sno
1124 1593 1257 1659 dixisse:
1288 1594 1376 1659 »Non

137 1720 257 1768 necesse
279 1702 393 1768 babent
416 1699 483 1767 sani
507 1700 643 1779 medico,
673 1698 728 1765 sed
758 1698 810 1782 qui
838 1698 919 1765 male
944 1697 1075 1776 babent;
1107 1716 1165 1763 non
1194 1698 1277 1763 eninr
1308 1698 1377 1764 veni

138 1824 245 1871 vocare
267 1806 374 1884 iustos,
401 1804 455 1871 sod
479 1806 722 1888 poccatoree¹).‹

240 1910 292 1975 21.
326 1909 403 1975 Cum
434 1909 537 1992 pueris
568 1910 691 1987 autem,
726 1906 973 1973 adolescentibus
1007 1909 1039 1972 ct
1072 1905 1201 1973 rudibus
1228 1905 1376 1973 maiorem

137 2013 305 2079 adhibeant
329 2012 510 2097 patientiam
534 2014 567 2078 et
590 2011 792 2095 prudentiam.
829 2010 1016 2075 Prudentius
1038 2028 1109 2076 nero
1131 2010 1377 2077 adolescentulas

137 2120 274 2183 tractent
293 2136 331 2183 ne
353 2116 433 2202 quod
455 2118 615 2200 paccatum
638 2114 820 2182 verecundia
843 2115 1013 2193 reticeant,
1038 2115 1093 2179 aut
1115 2114 1295 2180 scandalunt
1321 2135 1372 2198 pa·

137 2222 269 2287 tiantur.

241 2327 293 2394 22.
327 2326 492 2391 Praeterea
514 2342 567 2408 pro
589 2322 814 2408 poenitentium
838 2322 1020 2389 diversitate
1051 2322 1188 2389 dicamas
1210 2323 1379 2390 adhibeant

137 2430 306 2497 industrias
337 2432 371 2494 ut
399 2446 506 2494 omncs
536 2426 660 2494 Christo
688 2426 893 2493 lucrifaciant.
935 2425 1048 2492 Sedulo
1078 2429 1183 2493 autem
1210 2430 1319 2493 curant
1341 2431 1378 2494 ut

138 2535 329 2618 poenitentes
352 2553 411 2600 nou
433 2532 532 2598 solum
556 2531 731 2615 apeccatis
755 2530 948 2607 mortalibus,
970 2530 1023 2596 sad
1046 2532 1143 2597 etiam
1161 2531 1377 2612 unanimibus,

138 2638 176 2703 iis
200 2637 379 2722 praesertim
402 2656 480 2722 quae
503 2635 642 2703 consulto
665 2637 893 2720 perpetrantur,
917 2634 1112 2712 abstineantr
1141 2654 1252 2721 eosque
1275 2637 1379 2702 divino

137 2741 332 2809 inflamment
353 2760 457 2807 amors
480 2743 573 2826 atque
595 2740 634 2805 ad
657 2758 749 2824 opera
771 2758 891 2825 quoque
915 2758 974 2805 uon
998 2740 1082 2805 iussa
1103 2744 1135 2805 et
1157 2739 1195 2805 ad
1216 2741 1378 2824 perlectio-

138 2866 208 2912 nem
231 2846 388 2912 inducant.
433 2845 633 2911 Meminerint
657 2844 820 2910 Dominum
851 2851 989 2909 nostrum
1016 2843 1126 2911 Josuru
1150 2843 1308 2910 (ibristnm
1330 2846 1378 2911 di·

138 2951 278 3016 strictam
303 2951 342 3015 ab
364 2951 404 3015 iis
426 2948 629 3033 repetiturum
652 2948 803 3013 rationem
834 2948 888 3031 qui
919 2946 1111 3029 neglexerint
1137 2947 1286 3031 pietatem
1309 2951 1378 3013 ani-

140 3074 259 3120 marum
289 3052 391 3119 tovers
421 3070 499 3135 quas
528 3052 610 3117 Deus
639 3050 678 3116 ad
708 3051 892 3118 sanctiorem
924 3053 1015 3117 vocat
1047 3052 1153 3120 citam.
1200 3052 1380 3119 Peccatores

138 3159 308 3225 obstinatos
331 3160 364 3222 et
387 3154 535 3223 recidivas
558 3173 726 3239 numquam
749 3174 802 3237 spe
826 3155 933 3220 neniae
948 3154 1115 3221 destitutos
1130 3154 1304 3234 dimittant,
1325 3157 1379 3222 sed

139 3282 209 3329 curn
236 3262 391 3347 gravitate
421 3260 546 3345 noloque
579 3260 724 3325 moneant
753 3261 788 3326 ut
817 3278 851 3325 sc
873 3259 914 3323 ad
937 3261 1050 3324 bonam
1075 3260 1194 3344 trugcm
1218 3259 1378 3346 recipiant,

139 3370 171 3434 et
193 3385 262 3433 cum
286 3365 438 3433 charitate
462 3364 622 3430 hortentur
645 3365 681 3429 nt
699 3366 837 3447 tempore
852 3362 956 3429 debito
972 3363 1148 3429 adsacrum
1167 3364 1380 3431 Paenitentiae

139 3472 275 3537 tribunal
299 3469 400 3554 magis
423 3467 552 3534 redeant
574 3466 728 3551 dispositi.

243 3575 294 3642 23.
320 3572 397 3641 cum
422 3590 490 3639 nero
513 3571 689 3639 confessarii
713 3571 771 3637 boc
791 3592 886 3637 unum
902 3574 1042 3656 spectare
1057 3572 1201 3651 debeant,
1225 3577 1262 3638 ut
1277 3573 1382 3657 poeni·

140 3679 241 3743 tentas
264 3677 317 3742 nni
344 3676 406 3743 Deo
426 3675 568 3761 religiosa
591 3677 623 3742 at
645 3676 754 3743 denote
777 3676 964 3755 inserviant,
998 3676 1133 3742 maxima
1162 3680 1292 3743 careant
1319 3678 1380 3743 cir·

140 3781 376 3866 compactione,
401 3800 439 3846 no
458 3799 563 3847 eorum
586 3780 704 3847 animoa
725 3780 785 3845 sibi
809 3779 969 3860 alliciant,
991 3779 1080 3864 quasi
1102 3782 1141 3845 ad
1165 3780 1300 3864 gratiam
1322 3782 1381 3847 sibi

140 3886 323 3971 captandam
348 3884 563 3969 potiusquam
588 3884 628 3950 ad
652 3884 710 3950 Dei
732 3883 866 3968 gloriam
893 3886 926 3950 et
952 3884 1126 3951 auimamm
1156 3884 1289 3951 salutern
1312 3905 1379 3969 pro·

140 3990 306 4058 curandam
329 3989 468 4056 divinum
491 3990 667 4054 exercerent
689 3988 906 4057 ministerium.
939 3989 1137 4055 Meminerint
1158 4008 1191 4055 aa
1213 3989 1381 4067 ministros,

141 4114 198 4161 non
215 4094 354 4160 dominos
369 4112 450 4170 esser
465 4092 593 4177 ideoque
610 4092 747 4158 ddeliunr
763 4093 885 4159 animas
899 4092 939 4158 ad
954 4093 1054 4160 Deum
1066 4092 1194 4159 crebere
1207 4099 1382 4176 procurent.

243 4199 295 4265 24.
318 4197 468 4279 Quoniam
489 4201 594 4262 autem
613 4215 816 4283 »magnopere
831 4197 871 4264 ad
886 4197 1049 4264 christiani
1065 4198 1168 4281 populi
1185 4196 1380 4282 disciplinam

140 4302 291 4387 portinere
314 4302 527 4369 sanctissimis·
544 4301 689 4367 Patribus
713 4300 824 4367 uostris
847 4303 947 4369 nisum
971 4305 1028 4382 est,
1052 4304 1089 4368 ut
1110 4301 1265 4369 atrociora
1286 4322 1382 4387 qnae·

140 4408 212 4471 dam
232 4410 265 4473 ct
286 4407 431 4491 graviora
452 4406 583 4472 crimina
607 4424 665 4471 non
689 4424 706 4471 a
729 4406 907 4490 quibusvis,
938 4408 990 4473 sed
1014 4426 1034 4472 a
1055 4407 1186 4473 summis
1218 4406 1384 4472 dumtaxat

140 4510 351 4576 sacerdotibus
374 4511 605 4577 absolverentur
615 4514 669 4591 *ιι
703 4513 908 4594 opportunum
932 4511 1074 4576 duximus
1098 4510 1320 4576 absolutionem
1343 4513 1382 4575 ab

175 4644 177 4649 ’
245 4650 271 4719 1)
290 4648 365 4705 Rom.
385 4649 406 4717 1,
428 4652 466 4708 lt.
488 4678 518 4689 -·
535 4648 562 4719 2)
581 4650 663 4705 Marc.
682 4646 718 4715 11,
739 4648 780 4705 17.
802 4678 830 4688 -
850 4646 1069 4719 alcoranus.
1090 4648 1366 4719 aaas.XIV,cap.'l.
