3275 4917
610 301 690 366 Pera
707 314 830 380 primns
852 313 897 369 Dc
915 300 1000 369 true.
1365 289 1428 366 235

183 484 283 550 maior
302 481 487 560 intenditur,
510 481 579 566 piae
602 482 822 549 consociationi
843 503 949 550 sacrae
971 485 1123 552 Familiae
1145 506 1163 552 a
1180 487 1336 556 Nazareth
1354 490 1429 556 dont

185 607 293 654 nornen
309 587 345 674 ¹).

291 692 340 756 19.
371 690 450 770 Sed,
472 691 509 756 ut
530 690 569 755 ad
593 691 768 774 incoeptum
792 692 972 773 redeamus,
1002 694 1107 761 fideles
1131 714 1191 761 uon
1215 698 1304 764 modo
1327 697 1429 765 deter-

184 797 271 862 rendi
288 799 321 861 et
336 795 461 860 arcendi
483 798 559 860 suut
580 796 707 860 aseclis
727 796 940 876 clandestinis,
966 817 1070 864 verum
1088 801 1181 866 etiam
1199 803 1429 884 praemuniendi

184 903 293 967 contra
313 901 446 965 audaces
468 899 634 982 impiorum
657 902 796 980 conatus,
819 904 873 987 qui
895 902 1083 969 diabolicum
1102 904 1198 970 iniere
1213 907 1372 972 consilium
1392 907 1430 972 de

188 1005 292 1070 »italis
308 1004 428 1087 populis
444 1003 644 1068 traducendis
661 1004 700 1068 ad
716 1007 956 1087 protestantium
972 1006 1090 1092 placila
1105 1012 1136 1073 et
1151 1010 1426 1094 conventicula¹pr

185 1109 270 1192 Quod
297 1113 333 1173 ut
354 1111 567 1191 assequantur,
591 1108 696 1192 plures
719 1109 869 1175 adhihent
892 1111 1062 1189 machinas,
1086 1131 1163 1196 quas
1178 1113 1261 1178 inter
1275 1116 1350 1180 suut
1364 1115 1430 1180 edi·

185 1217 284 1279 tiones
300 1213 458 1287 librorum,
476 1213 508 1276 in
524 1212 637 1296 quibus
653 1231 758 1278 eorum
773 1212 914 1280 doctrina
929 1215 1063 1280 traditur
1078 1217 1303 1300 cupiditatibus
1318 1221 1430 1298 amica,

185 1319 405 1396 incitamenta,
435 1317 664 1383 exhortationes
691 1320 724 1383 et
745 1318 841 1384 etiam
863 1320 1010 1403 pecuniae
1032 1321 1197 1405 aliquando
1221 1323 1429 1407 elargitiones,

186 1423 357 1488 theoretica
381 1421 573 1504 praedicatio
593 1421 624 1484 in
647 1422 779 1505 privatis
801 1424 896 1488 etiarn
918 1424 1078 1502 domibus,
1109 1426 1254 1509 vulgatae
1287 1427 1429 1510 epheme-

186 1527 278 1604 rides,
298 1526 424 1590 demum
450 1525 623 1590 calumniae
646 1529 680 1589 et
701 1525 840 1604 dicteria,
865 1528 977 1611 quibus
1001 1530 1106 1611 putide
1125 1530 1306 1613 religionem
1322 1531 1430 1598 calho—

188 1631 277 1696 licam
302 1629 504 1694 insectantur.
537 1629 668 1694 Parochi
693 1631 837 1712 populum
862 1632 899 1696 da
923 1633 1040 1714 paratis
1060 1634 1118 1698 sihi
1135 1633 1256 1699 insidiis
1271 1635 1430 1714 edoceant,

186 1734 425 1818 diligentissime
443 1733 584 1797 doctrina
599 1732 773 1799 christiana
788 1735 958 1801 instituant
972 1738 1008 1802 ut
1023 1737 1119 1802 vitam
1136 1737 1174 1802 ad
1190 1738 1275 1804 illius
1293 1757 1430 1804 normam

186 1839 359 1920 componat,
382 1840 476 1920 atquo
497 1836 660 1902 hortentur
683 1839 719 1902 ut
740 1837 772 1902 iu
795 1837 857 1904 lide
879 1839 1033 1905 catholica
1055 1845 1237 1924 perseveret

290 1951 344 2015 20.
364 1949 528 2014 Neminem
550 1951 655 2014 autern
673 1950 773 2033 fugiat
789 1951 822 2015 in
838 1953 1186 2019 excommunicationem
1200 1955 1326 2039 speciali
1341 1955 1430 2022 modo

187 2073 307 2120 aninmo
332 2054 476 2119 Pontilici
498 2056 687 2119 reservatam
709 2054 844 2121 incidere
867 2075 990 2121 »omncs
1011 2077 1029 2120 a
1048 2057 1218 2124 christiana
1233 2059 1294 2125 lide
1310 2063 1432 2144 aposta-

189 2163 247 2234 tas,
270 2177 378 2224 omnes
397 2177 433 2222 ac
455 2159 594 2242 singulos
617 2157 801 2236 haereticos,
825 2177 1017 2245 quocumque
1038 2162 1162 2227 nomine
1183 2168 1376 2244 censeantur,
1400 2168 1432 2230 et

186 2264 407 2347 cuiuscumque
429 2264 533 2327 sectae
555 2262 708 2340 adstant,
731 2263 836 2348 aisque
856 2264 1033 2344 credentes,
1060 2285 1226 2351 corumque
1248 2271 1431 2352 receptores,

189 2369 326 2434 lautores
347 2386 384 2432 ac
407 2367 596 2452 generaliter
617 2368 772 2452 quoslihet
794 2387 900 2434 eorum
923 2369 1098 2436 defensores
1108 2371 1164 2456 ⁸).«

291 2481 343 2546 21.
378 2481 413 2544 lu
441 2480 631 2563 praedictam
659 2482 1008 2548 excommunicationem
1037 2484 1199 2550 incurrunt
1229 2504 1335 2550 omnes
1365 2487 1429 2570 qni,

188 2585 311 2652 etiarnsi
335 2584 439 2649 animo
463 2585 581 2650 haeresi
605 2603 664 2650 nou
688 2585 886 2664 adhaereant,
911 2589 1014 2652 tamen
1037 2607 1103 2653 socc
1126 2589 1306 2655 adscribunt
1327 2592 1431 2656 sectae

190 2689 362 2754 haereticae
382 2689 430 2753 rel
452 2688 671 2754 schismaticae
692 2690 859 2755 cuiuslibet
881 2689 1151 2770 denominationis,
1176 2713 1370 2777 quacumque
1393 2695 1432 2759 de

188 2812 283 2858 causa
305 2792 336 2857 id
360 2793 427 2859 liat.

291 2906 343 2972 22.
375 2908 401 2968 Α
428 2904 549 2971 fortiori
578 2906 685 2971 cadam
710 2925 840 2970 censura
867 2907 1076 2991 illaqueantur
1103 2907 1156 2992 qui
1183 2909 1339 2974 intersunt
1361 2927 1431 2975 aca-

186 3011 311 3076 tholicis
333 3009 545 3074 functionibus
567 3011 623 3075 aot
642 3011 795 3088 servitiis,
828 3012 863 3074 ut
893 3011 954 3076 dici
983 3011 1080 3087 solet,
1112 3014 1167 3077 aut
1198 3013 1428 3095 praedicantem

187 3115 318 3181 audiunt
340 3133 376 3178 eo
395 3114 523 3178 consilio
545 3116 581 3177 ut
599 3114 699 3179 eidem
719 3131 785 3179 sese
806 3113 931 3194 dedant,
953 3118 1114 3198 quatenus,
1137 3115 1181 3180 uti
1202 3117 1296 3200 impie
1313 3117 1431 3196 dicunt,

188 3219 227 3284 ab
251 3237 286 3285 eo
309 3217 486 3302 persuaderi
510 3217 637 3300 possint.

291 3331 343 3396 23.
377 3332 517 3412 itemque
544 3331 575 3393 iu
612 3329 751 3394 eamdem
779 3329 940 3396 incurrunt
962 3349 1088 3413 poenam
1112 3331 1165 3414 qui
1186 3331 1317 3397 aliorum
1340 3333 1430 3416 spiri·

187 3436 283 3501 tualis
305 3436 411 3499 ruinae
433 3438 573 3499 auctores
594 3433 706 3511 effecti,
729 3454 851 3518 quoquo
876 3435 964 3500 modo
985 3435 1174 3502 contendunt
1197 3439 1232 3500 ut
1249 3437 1302 3501 alii
1319 3437 1431 3503 adeant

188 3541 277 3605 aulas
301 3540 347 3605 rel
368 3540 440 3604 tana
456 3539 679 3603 haereticorum
697 3539 736 3603 ad
753 3539 922 3602 audiendas
937 3539 1106 3614 conciones,
1131 3540 1223 3624 vulgo
1239 3543 1430 3622 conferente.

293 3653 345 3717 24.
377 3651 516 3716 Tandem
541 3651 647 3715 eadem
679 3651 866 3716 innodantur
893 3670 988 3734 poena
1017 3671 1121 3718 omnes
1151 3654 1204 3736 qui
1234 3655 1432 3720 invitationes

190 3758 229 3822 ad
254 3756 409 3840 praelatas
431 3756 591 3821 conciones
613 3775 781 3840 earumque
802 3759 988 3837 argumenta
1018 3758 1101 3840 typis
1129 3757 1241 3834 edunt,
1272 3761 1432 3842 propterea

189 3861 271 3945 quod
296 3861 340 3925 ita
363 3861 498 3925 haeresia
521 3861 736 3943 propagationi
758 3865 815 3925 aut
837 3860 1061 3926 confirmationi
1085 3860 1198 3928 taient.

293 3976 346 4040 25.
371 3975 505 4040 Peccant
523 3991 594 4038 sero
617 3973 755 4057 graviter
770 3973 822 4056 qui
841 3973 891 4038 rel
904 3973 969 4037 sola
985 3974 1165 4039 curiositate
1181 3973 1277 4046 ducti,
1298 3973 1432 4039 scienter

188 4079 407 4165 ingrediuntur
430 4077 504 4142 fana
521 4095 576 4142 seu
595 4077 682 4142 aulas
698 4076 925 4142 haereticorum
940 4077 1013 4142 duur
1030 4076 1073 4141 ihi
1091 4077 1252 4142 conciones
1267 4077 1431 4155 hahentur,

189 4185 302 4270 quique
324 4184 397 4248 illas
418 4182 568 4256 audiunt;
596 4201 651 4246 nec
680 4200 737 4247 nou
763 4180 815 4264 qui
839 4180 994 4246 damnatis
1015 4200 1120 4247 eorum
1144 4181 1344 4247 caeremoniis
1368 4201 1432 4246 ma·

188 4288 343 4354 terialiter
365 4289 489 4353 tautum
513 4287 649 4365 adstant,
672 4289 704 4351 et
726 4303 833 4350 omnes
856 4285 991 4351 artifices
1013 4287 1066 4369 qui
1088 4289 1217 4352 cantant
1244 4288 1300 4350 aut
1322 4290 1433 4351 sonant

189 4393 222 4459 in
243 4412 350 4458 eorum
373 4391 508 4475 templis,
531 4391 591 4457 etsi
613 4391 645 4455 id
668 4391 788 4456 iaciant
808 4389 887 4455 lucri
909 4392 1032 4455 tantum
1056 4390 1233 4474 cupiditate.

295 4583 321 4653 1)
341 4583 397 4638 heo
414 4583 506 4648 XIII..
534 4583 622 4638 Brarc
645 4584 808 4639 Neminem
827 4583 925 4652 sapit,
949 4583 989 4638 14.
1007 4581 1071 4638 Juu.
1088 4581 1165 4638 laea
1190 4611 1222 4622 -
1246 4580 1275 4650 Β)
1292 4581 1357 4636 Pius
1376 4579 1434 4642 IX..

190 4669 298 4741 Incycl.
315 4673 431 4735 Nortia,
447 4687 492 4726 au.
510 4669 587 4727 1849.
606 4698 639 4711 -
657 4669 686 4739 3)
705 4668 770 4724 Piae
788 4667 848 4734 11,
866 4668 958 4725 ecura
977 4671 1115 4741 Apostot.
1135 4671 1232 4725 Sedis.

1268 4755 1331 4818 lo*

1582 4801 1635 4878 A
