3275 4917
502 292 581 346 Pure
599 290 750 346 eemundus
773 290 817 345 De
836 291 1051 345 sacramentis.
1335 268 1395 335 451

28 512 29 515 ,
155 463 413 547 dispensationem
437 462 636 529 obtinendam
662 462 692 526 in
718 461 781 528 illis
805 463 1007 544 exponentem
1031 460 1095 529 Nos
1116 463 1220 526 autem
1243 462 1269 525 si
1290 461 1396 525 eadem

156 585 250 633 causa
271 566 354 634 iusta
375 566 434 645 sit,
466 566 512 633 rel
536 584 630 631 unam
654 566 702 633 vel
726 566 804 633 duas
828 566 874 631 rel
897 584 1003 632 omnes
1024 564 1272 631 denuntiationes
1291 564 1397 630 remit·

156 674 266 738 murus.

262 775 311 842 le.
341 774 471 859 Quando
493 775 574 841 alter
596 792 776 859 sponsorum
800 774 919 841 alienae
939 775 980 840 sit
1003 774 1166 851 dioecesis,
1189 774 1254 839 Nus
1278 773 1395 838 denun-

154 878 300 945 tiationes
322 897 381 944 non
406 880 617 956 remittemus,
642 878 700 945 nisi
724 880 756 945 et
778 879 859 944 alter
880 878 1063 944 ordinarius
1084 897 1138 944 aas
1161 878 1328 955 remiserit,
1350 876 1397 941 rel

154 983 266 1049 saltem
290 982 327 1049 de
346 985 432 1050 statu
458 982 554 1048 libero
577 1002 680 1048 eorum
705 982 803 1049 Nobis
826 982 947 1048 dederit
968 982 1226 1063 testimonium1).

261 1086 311 1153 l'i.
345 1082 483 1154 Per'aotis
506 1087 803 1165 denuntiationibus,
827 1087 978 1172 parochus
1000 1086 1190 1152 Matrimonii
1213 1085 1395 1152 celebratio·

87 1236 91 1244 ·
156 1210 226 1257 nern
255 1191 378 1258 dillerat
406 1192 526 1260 duobus
557 1193 602 1257 rel
636 1192 737 1257 tribus
757 1192 868 1259 diebus
886 1197 956 1276 piost
979 1191 1122 1257 ultimam
1144 1189 1320 1256 eammdem
1343 1187 1396 1252 de·

156 1294 405 1373 nuntiationem,
437 1295 496 1361 nisi
525 1316 544 1363 a
574 1296 672 1361 Nobis
701 1304 774 1362 ante
804 1296 837 1361 id
868 1296 1016 1380 temporis
1040 1294 1206 1362 assistendi
1228 1290 1398 1359 obtinuerit

156 1399 396 1484 facultatem²);
425 1400 463 1467 de
489 1417 552 1485 qua
576 1398 705 1483 populns
728 1400 938 1466 admonendus
960 1400 1037 1478 erit,
1070 1418 1108 1463 ne
1129 1397 1397 1482 impedimentum,

156 1502 283 1587 siquod
306 1506 398 1581 extet,
422 1504 512 1569 tarde
535 1504 722 1571 manifestet.

264 1609 311 1674 18.
336 1608 394 1673 Ubi
409 1607 566 1675 detectum
584 1608 677 1675 luerit
694 1608 818 1693 aliquod
832 1608 1087 1693 impedimentum
1099 1606 1258 1683 dirimens,
1274 1604 1395 1671 etiamsi

156 1711 310 1792 praesumi
333 1713 430 1795 possit
452 1712 530 1778 falso
550 1712 704 1779 obiectum
728 1732 808 1790 esse,
840 1712 988 1797 parocbus
1020 1711 1098 1777 alias
1126 1730 1183 1775 non
1207 1710 1322 1775 babeat
1343 1708 1397 1773 de-

156 1815 381 1893 nuntiationes,
404 1820 454 1895 et,
480 1815 576 1883 Nobis
598 1816 796 1893 inconsultis,
828 1836 886 1883 non
910 1816 1136 1901 progrediatur.
1177 1813 1210 1878 Sl
1234 1832 1304 1879 sero
1329 1812 1397 1877 Ma·

156 1917 336 1983 trimonium
362 1920 438 1985 inire
470 1921 584 1987 uolenti
611 1922 674 1986 alia
704 1920 891 1987 obiiciantur
920 1921 1004 2005 prius
1031 1920 1110 1984 inita
1139 1916 1311 2001 sponsalia,
1342 1936 1396 2000 pa·

157 2021 267 2089 rocbus
289 2043 353 2089 reru
377 2026 474 2091 totam
499 2025 637 2109 exploret
659 2044 787 2110 eamque
809 2043 989 2110 componere
1012 2027 1117 2102 earet,
1147 2023 1195 2088 sin
1219 2021 1250 2086 id
1274 2021 1396 2104 assequi

156 2129 298 2211 nequeat,
321 2127 358 2192 ad
381 2127 445 2195 Nos
468 2128 515 2195 val
539 2129 577 2195 ad
600 2134 738 2197 nostrum
763 2129 920 2195 Vicarium
943 2128 1120 2213 generalem
1143 2128 1291 2193 recurrat.

262 2231 310 2295 19.
331 2232 504 2310 Praeterea,
523 2234 607 2299 nullo
622 2234 718 2299 etiam
735 2233 858 2299 detecto
872 2232 1104 2317 impedimento,
1118 2232 1145 2297 si
1162 2229 1393 2296 Matrimonium

157 2336 224 2417 post
246 2335 371 2401 tertiam
395 2335 657 2403 denuntiationem
683 2338 766 2403 ultra
788 2337 866 2404 duos
888 2336 1050 2401 differatur
1071 2356 1207 2411 merises,
1231 2332 1392 2399 denuntia·

155 2436 255 2503 tiones
277 2437 434 2504 iterandae
453 2442 534 2519 sunt,
559 2440 619 2507 nisi
643 2459 695 2507 eas
711 2440 795 2507 iusta
811 2441 849 2506 de
864 2458 959 2507 causa
973 2438 1072 2505 Nobis
1089 2439 1137 2505 rel
1154 2439 1257 2505 nostro
1275 2436 1397 2501 Vicario

155 2541 292 2623 generali
315 2543 474 2609 remittere
496 2543 658 2610 ridebitur.

259 2646 311 2711 20.
334 2645 367 2711 Si
390 2648 493 2729 sponsi
515 2650 584 2731 post
599 2648 792 2733 pubertatem
806 2648 839 2714 in
856 2648 995 2733 pluribus
1010 2651 1185 2713 nostrarum
1203 2645 1395 2712 Dioeoesium

155 2749 303 2829 paroeciis
337 2750 448 2817 saltem
482 2770 537 2835 per
568 2757 700 2836 quatuor
736 2753 898 2820 continuos
936 2770 1055 2818 menses
1090 2751 1317 2826 habitaverint,
1355 2749 1394 2814 ad

155 2850 320 2919 ineundum
346 2854 580 2921 Matrimonium
602 2876 661 2923 non
678 2857 896 2934 admittantur,
920 2856 979 2921 nisi
998 2856 1108 2923 saltem
1126 2875 1187 2919 uim
1202 2853 1395 2918 denuntiatio

154 2955 186 3020 in
209 2976 391 3042 unaquaque
413 2958 590 3025 earumdem
613 2962 823 3043 paroeciarum
846 2961 930 3025 iacta
949 2960 1054 3034 tuerit,
1081 2961 1113 3024 et
1136 2963 1198 3025 tros
1221 2958 1252 3021 in
1276 2977 1320 3029 ea,
1342 2958 1395 3021 ubi

155 3060 184 3124 in
209 3062 452 3141 praesentiarum
474 3062 592 3145 degunt
615 3064 720 3129 vitam.
744 3062 832 3146 Quod
853 3062 879 3129 si
896 3064 989 3129 nimis
1004 3062 1132 3128 dillioile
1146 3062 1199 3141 sit,
1216 3062 1248 3127 in
1263 3061 1395 3145 singulis

154 3164 304 3247 paroeciis
326 3164 573 3232 denuntiationes
597 3167 721 3246 baberi,
753 3171 820 3232 tum
852 3167 1044 3251 singulorum
1081 3166 1280 3250 parochorum
1303 3167 1393 3233 testi·

155 3269 290 3334 monium
314 3268 351 3333 de
371 3272 457 3335 statu
480 3268 577 3335 libero
600 3271 785 3355 requiratur.

257 3374 308 3440 21.
344 3374 524 3439 Erterorum
546 3392 628 3454 earo,
649 3374 836 3459 ignotorum,
859 3393 1007 3459 vagorum
1030 3378 1123 3458 atque
1145 3392 1266 3451 eorum,
1289 3376 1394 3459 quiin

154 3477 268 3543 nostris
292 3478 489 3545 Diocaesibus
513 3478 578 3545 nati
599 3481 690 3557 aunt,
717 3482 750 3546 et
777 3480 921 3564 deinceps
944 3499 998 3565 per
1019 3483 1152 3564 quatuor
1173 3499 1294 3546 menses
1318 3499 1393 3545 oon·

154 3580 257 3647 tinans
287 3582 327 3648 ab
358 3582 466 3649 iisdem
498 3583 695 3653 Dioeoesibus
724 3584 897 3664 abluerint,
928 3583 1163 3651 Matrimonium
1195 3602 1253 3649 non
1275 3584 1394 3650 denun-

154 3684 259 3763 tiatur,
283 3686 341 3751 nisi
367 3687 451 3771 prius
474 3688 699 3755 testimoniales
721 3689 843 3755 litteras
865 3689 902 3754 de
925 3690 1010 3754 statu
1033 3688 1129 3755 libero
1155 3688 1194 3754 ab
1222 3688 1394 3754 ordinariis

154 3788 290 3855 locorum
315 3790 346 3854 in
370 3792 481 3875 quibus
505 3793 685 3859 commorati
706 3796 790 3872 saut,
813 3794 986 3871 retulerint,
1010 3811 1124 3877 eaeque
1144 3794 1285 3859 anostra
1299 3792 1394 3859 Curia

153 3894 330 3978 recognitae
351 3895 477 3974 luerint,
499 3895 538 3962 ad
561 3896 692 3963 sormam
715 3896 929 3963 instructionis
951 3915 1112 3980 supremae
1134 3896 1392 3981 Inquisitionis⁸),

152 4016 244 4082 quam
268 3998 410 4065 Clemens
432 4000 470 4066 X.
480 4000 507 4085 ⁴)
531 4004 563 4067 et
586 4001 645 4067 Leo
669 4002 777 4081 Xll.⁶)
805 4000 1027 4067 confirmarunt
1055 4003 1089 4067 et
1111 4001 1283 4069 ordinariis
1306 4021 1392 4086 paro·

153 4102 279 4186 ubisque
301 4103 441 4171 dietriete
462 4104 667 4171 iniunxerunt.

256 4208 308 4275 22.
344 4207 409 4274 Nos
438 4212 543 4275 autem
574 4208 776 4276 facultatibus
807 4211 929 4276 atenim
958 4209 998 4274 ab
1027 4210 1207 4293 apostolica
1236 4209 1312 4277 Sede
1334 4211 1391 4277 Or·

152 4308 281 4376 dinariis
303 4310 436 4378 locorum
461 4313 663 4399 eoncessisi),
695 4314 819 4380 sicariis
847 4313 982 4380 loraneis
1008 4314 1189 4380 lacultatem
1213 4314 1392 4399 delegamus

258 4466 283 4535 l)
302 4466 328 4523 S.
348 4466 377 4523 (l.
395 4466 423 4523 0.
442 4469 484 4525 20.
503 4469 589 4540 April.
609 4470 684 4526 1606.
704 4498 736 4509 -·
753 4470 780 4539 2)
799 4469 899 4539 Synodi
917 4469 1061 4525 Pistoriae.
1076 4472 1105 4524 et
1120 4468 1228 4524 Praten.
1239 4470 1392 4527 columbini

152 4552 248 4618 Basaii,
266 4568 324 4623 par.
343 4556 371 4610 et
391 4555 434 4611 eit
452 4554 497 4611 ait.
520 4586 549 4595 -
570 4558 598 4625 a)
619 4557 671 4612 dn.
685 4556 751 4613 lbtd
764 4560 792 4613 et
808 4558 882 4613 lese.
903 4584 936 4597 -
953 4556 982 4625 l)
1002 4558 1054 4612 An.
1066 4556 1142 4612 1670.
1160 4584 1195 4595 -
1209 4555 1238 4624 5)
1252 4559 1302 4613 An.
1318 4556 1391 4615 1827.

152 4668 180 4677 -
203 4640 230 4708 d)
250 4640 299 4695 Die
318 4641 360 4695 31.
378 4639 437 4697 Oct.
457 4641 532 4698 laea.
