3275 4917
226 203 290 269 448
476 224 619 293 Spnodrrr
639 224 841 281 Pistortcrrrtr
859 230 889 281 rt
910 224 1070 283 Prutcurlo
1089 242 1119 281 o.
1137 224 1219 280 1892.

227 398 378 482 susceptis
407 396 575 463 Ordinibus
609 397 720 465 Curiae
753 398 874 464 nostrae
903 397 1050 476 tradeutr
1085 394 1221 481 alioquin
1253 398 1292 464 ab
1326 398 1476 464 exercitio

227 500 404 567 eorumdem
428 501 569 567 ordinum
593 502 828 587 suspendentur.

498 690 576 778 Oop.
600 693 667 759 IX.
703 692 754 761 Dc
774 698 970 761 armamento
991 692 1200 761 motareis.

336 850 361 916 l.
397 848 559 915 Primaera
588 850 644 915 illa
672 848 833 916 indiuidua
862 850 958 915 maris
988 851 1020 916 et
1047 848 1179 916 feminae
1202 850 1351 926 societas,
1375 868 1471 933 qnam

231 951 312 1017 Deus
334 951 367 1016 in
389 952 473 1019 Edeu
497 953 536 1019 ad
554 954 784 1039 propagandum
802 954 970 1019 humanum
988 973 1085 1039 genus
1100 954 1290 1031 instituerat,
1313 952 1473 1019 aCirristo

230 1054 360 1121 Domino
381 1056 419 1121 ad
444 1057 635 1123 Sacramenti
655 1058 842 1142 dignitatem
859 1059 1029 1124 erectaest
1045 1057 1241 1141 perfectaque
1257 1056 1470 1142 pergratiam,

229 1160 316 1224 cuiue
344 1180 400 1245 ope
428 1164 573 1248 coniuges
598 1180 655 1228 sua
685 1162 745 1229 rite
768 1160 925 1247 explerent
946 1162 1058 1229 officia.
1104 1162 1190 1243 Quod
1212 1162 1336 1247 quidem
1360 1162 1472 1228 Sacra·

230 1265 368 1329 mentum
387 1266 501 1332 Paulus
517 1266 641 1332 exhibet
658 1268 693 1333 ut
708 1267 830 1351 signum
847 1286 883 1331 ac
897 1266 1208 1351 repraesentationem
1221 1266 1342 1331 unionis
1354 1264 1470 1333 Christi

230 1386 300 1434 cum
326 1368 478 1436 Ecclesia:
513 1370 765 1438 »Sacramentum
790 1372 847 1437 hoc
869 1391 1016 1455 magnum
1039 1373 1105 1450 est,
1136 1390 1193 1456 ego
1221 1373 1327 1436 autem
1351 1370 1418 1437 dico
1436 1370 1469 1434 in

230 1472 353 1540 Christo
376 1476 407 1539 et
427 1476 461 1540 ln
485 1474 623 1542 Ecclesia
638 1478 691 1560 ¹).‹

333 1588 364 1655 2.
388 1587 592 1671 Quamobrem
618 1589 743 1672 parochi
763 1592 794 1654 et
815 1608 978 1672 praecones
997 1588 1081 1653 verbi
1093 1588 1152 1653 Dei
1168 1587 1312 1672 populum
1330 1586 1470 1665 doceant,

231 1688 466 1757 Matrimonium
497 1712 591 1758 unum
623 1712 689 1759 esse
719 1712 754 1758 or
778 1696 896 1776 septem
919 1692 1128 1758 sacramentis
1151 1711 1170 1757 a
1193 1692 1318 1758 Christo
1340 1690 1471 1757 Domino

229 1794 428 1874 institutum3
459 1796 692 1863 Sacramentum
715 1798 820 1863 autem
844 1816 902 1862 nou
926 1796 1042 1881 aliquid
1064 1799 1186 1862 tautum
1209 1814 1275 1861 esse
1298 1795 1472 1861 contractui

229 1900 432 1965 accessorium
457 1900 495 1966 ab
518 1920 612 1986 eoque
634 1901 817 1984 separabile,
843 1903 993 1985 usquein
1018 1900 1149 1982 nuptiali
1173 1898 1383 1965 benedictione
1399 1918 1471 1963 con·

231 2001 356 2081 sisterc3
379 2004 432 2069 sed
457 2024 522 2071 csse
542 2006 639 2089 ipsum
664 2008 859 2073 contractum
882 2004 1063 2073 excellentia
1086 2009 1118 2069 et
1141 2004 1256 2071 virtute
1278 2002 1470 2069 Sacramenti

231 2106 415 2187 adauctum
437 2109 564 2193 ideoque
588 2109 706 2174 nullum
730 2110 812 2175 inter
831 2110 1016 2175 christianos
1032 2128 1136 2174 rerum
1155 2108 1353 2192 validumque
1368 2127 1471 2173 coram

232 2212 295 2277 Deo
312 2214 343 2277 et
360 2212 497 2279 Ecclesia
519 2213 750 2279 Matrimonium
767 2213 849 2292 iniri,
871 2213 945 2297 quin
959 2214 1001 2278 sit
1015 2212 1267 2287 Sacramentumr
1290 2231 1473 2296 omnemque

231 2315 323 2381 aliam
348 2316 428 2384 inter
450 2317 554 2383 fideles
577 2318 635 2384 viri
650 2321 682 2384 et
697 2318 844 2395 mulieris,
869 2321 991 2400 praeter
1014 2317 1259 2394 Sacramentum,
1281 2316 1472 2382 coniunctio·

233 2439 311 2499 uem,
335 2420 414 2485 nihil
436 2421 519 2488 aliud
542 2440 607 2487 esse
630 2442 721 2506 quarn
746 2442 850 2487 uerum
875 2426 1058 2506 turpemque
1079 2421 1317 2487 concubinatum
1328 2423 1363 2504 ²).
1401 2420 1472 2486 Iure

98 2546 99 2551 ¹
231 2524 313 2589 onim
336 2524 419 2591 cirili
442 2545 479 2591 ea
502 2529 623 2591 tautum
648 2525 782 2592 ordinari
811 2528 844 2592 ct
868 2524 1080 2592 administrari
1104 2527 1238 2610 possunt,
1263 2544 1342 2608 quae
1366 2524 1405 2588 ad
1427 2522 1473 2590 ei·

234 2629 332 2695 iectus
354 2629 459 2694 civiles
482 2632 680 2717 externosque
704 2630 801 2713 ipsius
823 2630 1013 2695 Matrimonii
1038 2629 1201 2713 portinent.
1229 2627 1313 2694 Nam
1330 2628 1473 2695 Christus

235 2732 383 2799 Dominus
406 2733 638 2800 Matrimonium
671 2754 705 2800 ex
733 2734 833 2800 ollicio
857 2737 987 2800 naturae
1009 2733 1048 2798 ad
1071 2733 1304 2799 Sacramentum
1328 2722 1468 2810 erehens,

233 2840 331 2903 totam
354 2838 450 2922 ipsius
471 2838 666 2922 disciplinam
692 2839 845 2905 Ecclesiae
868 2837 1057 2904 concredidit
1077 2836 1370 2921 commendavitque,
1392 2836 1471 2919 legi·

233 2941 330 3006 feram
354 2944 447 3027 atque
469 2943 644 3008 iudicialem
666 2944 853 3027 potestatem
877 2944 905 3009 ei
922 2942 1107 3019 attribuens,
1129 2961 1190 3026 qua
1206 2942 1243 3005 ad
1260 2941 1359 3024 ipsam
1375 2939 1472 3006 solam

233 3046 367 3129 pertinet
382 3046 600 3130 impedimenta
617 3047 810 3113 Matrimonii
826 3052 963 3113 statuere
976 3064 1145 3130 causasque
1157 3046 1196 3110 ad
1206 3044 1284 3110 illud
1297 3048 1475 3129 spectantes

234 3150 416 3236 recrearer).

336 3264 367 3328 3.
402 3262 513 3347 ltaque
541 3264 666 3348 parochi
694 3264 824 3331 doceant
858 3262 977 3342 lideles,
1007 3262 1129 3328 irritum
1152 3281 1218 3327 esse
1242 3260 1475 3327 Matrimonium

233 3366 346 3433 initum
377 3368 492 3453 absque
522 3369 634 3453 proprii
661 3368 786 3452 parochi
814 3374 908 3452 atque
940 3368 1052 3433 saltem
1083 3367 1212 3431 duorum
1236 3364 1364 3432 testium
1386 3385 1473 3450 prae·
1553 3404 1558 3411 -

233 3470 395 3557 seutia⁴);
418 3472 533 3556 prolem
555 3491 635 3551 uero,
660 3474 686 3537 si
709 3493 771 3557 qua
793 3492 829 3539 ax
851 3472 1002 3537 connubio
1025 3490 1107 3536 mere
1129 3471 1212 3536 cirili
1228 3471 1391 3548 exoriatur,
1415 3470 1473 3534 nisi

234 3576 281 3640 vir
306 3578 338 3641 et
359 3576 469 3641 mulier
492 3596 672 3643 consensum
704 3578 735 3641 in
768 3577 1003 3643 Matrimonium
1036 3594 1071 3641 ex
1103 3574 1289 3660 praescripto
1320 3574 1475 3640 Ecclesiae

234 3678 384 3758 dederint,
408 3678 608 3765 illegitimam
631 3685 776 3765 perpetuo
796 3682 932 3746 luturam
954 3699 1058 3746 coram
1075 3678 1139 3745 Deo
1155 3683 1187 3744 et
1202 3678 1307 3745 eadem
1326 3676 1474 3744 Ecclesia.

338 3794 369 3858 4.
404 3793 556 3859 Attamen
578 3796 645 3859 tum
669 3795 707 3859 cb
731 3794 825 3878 prolis
848 3796 977 3871 bonum,
1009 3812 1087 3875 quae
1116 3792 1252 3876 alioquin
1276 3790 1395 3855 alaica
1418 3808 1471 3873 po-

234 3898 348 3964 testate
369 3900 404 3962 ut
427 3897 569 3982 legitima
593 3918 784 3983 nequaquam
808 3899 992 3972 haberetur,
1022 3899 1091 3963 tum
1115 3896 1153 3961 ad
1178 3896 1374 3981 polygamiae
1396 3894 1475 3978 peri·

235 4001 338 4067 culum
363 4001 593 4079 advertendum,
614 4004 682 4067 tum
697 4003 736 4068 ad
753 4002 814 4068 alia
829 4001 1023 4067 incommoda
1042 3999 1179 4079 vitanda,
1202 4000 1325 4066 omniuo
1343 3998 1475 4081 expedit,

235 4109 270 4173 ut
291 4106 406 4183 fideles,
431 4107 592 4190 postquam
613 4106 849 4172 Matrimonium
879 4106 1021 4190 legitime
1049 4106 1259 4172 contraxerint
1286 4121 1389 4169 coram
1420 4103 1475 4169 Ec·

340 4324 367 4394 1)
385 4326 453 4396 Eph.
471 4326 503 4392 V,
521 4326 563 4383 32.
581 4356 614 4365 -
632 4326 660 4396 E)
680 4326 743 4381 Pius
761 4326 817 4390 lx,
839 4324 955 4380 hlloout.
974 4324 1016 4379 17.
1035 4323 1108 4395 Sept.
1130 4322 1206 4387 1852,
1224 4321 1311 4393 Epist.
1322 4320 1357 4377 ad
1372 4322 1476 4391 Regem

236 4412 392 4478 Sardiniae,
414 4414 456 4469 19.
475 4413 549 4483 Sept.
569 4412 654 4478 1852,
678 4416 707 4467 et
725 4411 852 4483 Syllabns
870 4411 989 4466 eiusdem
1008 4426 1075 4466 snm.
1095 4408 1195 4465 Pontii.
1212 4409 1287 4464 imru
1303 4408 1407 4475 editus,
1433 4406 1477 4462 die

236 4499 340 4555 8.an
358 4500 435 4563 1864,
454 4516 527 4570 prop.
545 4498 636 4555 damu.
654 4498 704 4554 sub
720 4514 765 4554 uu.
778 4499 813 4554 bb
825 4501 854 4552 ct
865 4497 907 4552 78.
924 4526 956 4536 -
975 4496 1003 4566 3)
1019 4496 1074 4552 Leo
1086 4495 1174 4560 x111.,
1188 4493 1295 4564 Eueycl.
1309 4496 1477 4557 Arcanum,

237 4584 278 4639 10.
296 4584 375 4639 Febr.
396 4584 472 4642 1880.
492 4614 525 4625 —
542 4583 571 4654 4)
590 4583 668 4640 Cone.
687 4584 762 4639 urio
781 4600 848 4640 sees.
864 4583 964 4648 XXIV,
984 4583 1024 4638 De
1041 4583 1091 4639 rel.
1109 4582 1230 4638 Matrim.
1252 4596 1310 4650 cap.
1329 4581 1355 4635 1.
