3275 4917
327 295 389 354 Leo
408 295 494 352 XIII.
512 299 602 367 epac.
622 297 813 356 mutavisset
830 301 868 356 de
887 302 970 355 secta
988 300 1105 356 »Pctus
1123 297 1243 370 Cytisa«
1343 276 1407 348 293

165 470 307 556 indigent
333 488 427 555 quam
449 469 645 557 relutatione.
690 469 810 555 Nempe
832 471 1010 551 affirmant,
1030 489 1064 536 se
1086 469 1175 537 unice
1196 470 1346 538 sollicitos
1368 471 1407 538 de

164 576 285 662 proprio
309 575 465 642 Ecclesiae
486 593 523 641 ac
542 574 647 640 nativo
667 575 737 659 jura
760 575 939 654 asserendo;
964 574 1042 641 nihil
1065 594 1174 642 curare
1197 575 1298 661 magis
1312 595 1405 659 quam

164 683 202 746 ut
229 680 357 746 libertas
387 678 455 764 ejus
486 678 563 744 nulli
589 679 718 745 obnoxia
747 681 790 746 sit
819 681 972 747 humanae
1001 680 1167 764 potestati;
1202 680 1330 765 hujusce
1363 681 1408 746 rei

165 785 287 851 dumam
312 783 445 850 tutelam
469 783 696 868 maximumque
719 783 909 868 praesidium
928 784 960 850 in
982 803 1018 850 ao
1040 803 1164 851 censore
1185 787 1222 850 ut
1244 783 1406 852 Sacrorum

166 889 344 969 Antistites,
369 905 444 972 quos
467 887 659 954 hierarchiae
682 888 798 972 gradus
818 889 915 954 semel
930 889 1104 969 habuerint,
1128 888 1233 954 stabili
1251 890 1408 973 perpatui-

165 995 231 1059 tats
254 994 426 1069 retineant;
455 1011 505 1058 eos
535 995 697 1076 propterea
719 993 876 1078 dignitate
897 994 929 1059 at
952 994 1024 1058 sada
1047 1012 1104 1059 sua
1124 992 1210 1060 uelas
1233 1011 1299 1060 esse
1321 1012 1407 1060 amo·

166 1099 239 1164 reri.
262 1133 305 1146 -
329 1097 470 1162 Profecto
491 1115 578 1162 nemo
603 1116 682 1162 unus
702 1115 777 1163 sana
801 1098 904 1162 menta
925 1097 1090 1181 putaverit,
1112 1097 1173 1163 ista
1190 1097 1264 1181 jura
1279 1098 1407 1163 libortu-

164 1204 288 1285 temqua
311 1200 467 1268 Ecclesiae
490 1200 681 1285 quibuslibet
704 1202 834 1286 priuatis
859 1201 1035 1268 hominihus
1057 1202 1107 1267 val
1132 1200 1230 1268 cuiuis
1257 1201 1408 1286 Episcopo

164 1306 233 1390 plus
255 1304 339 1371 cordi
363 1323 545 1390 essequam
569 1305 766 1389 Apostolicao
787 1305 877 1383 Sodi,
908 1325 986 1390 quaa
1013 1305 1151 1372 omniurn
1178 1310 1277 1371 mater
1305 1309 1353 1372 ast
1375 1309 1408 1373 et

164 1411 258 1494 caput
283 1409 508 1487 Ecclesiaruma
543 1413 598 1476 aut
624 1410 739 1492 ipsam,
771 1409 811 1475 ad
841 1409 897 1475 illa
926 1411 1117 1494 procuranda
1139 1409 1296 1476 Ecclesiae
1318 1411 1407 1492 bona,

163 1515 374 1581 incitamentis
397 1531 488 1598 egere
511 1531 633 1592 eorum,
663 1533 755 1598 quos,
788 1514 815 1580 si
839 1532 907 1580 vero
929 1515 1077 1581 catholici
1099 1517 1131 1581 et
1153 1515 1264 1581 habere
1287 1519 1319 1581 et
1341 1535 1408 1582 esse

165 1619 270 1697 velint,
295 1619 395 1684 eidem
418 1618 544 1702 obsequi
567 1620 599 1683 et
623 1637 728 1700 parere
750 1621 873 1702 oportet
895 1619 1038 1684 maxima.
1059 1656 1102 1666 -
1125 1620 1299 1686 Fatendum
1321 1621 1407 1705 equi·

163 1724 234 1790 dem
258 1724 362 1788 ratum
381 1723 586 1806 sanctumque
606 1740 672 1788 esse
695 1725 730 1788 ut
750 1742 788 1788 ue
808 1722 965 1806 dignitate
980 1725 1013 1788 et
1027 1723 1099 1788 sede
1115 1742 1181 1800 sua,
1206 1724 1300 1789 ullius
1315 1743 1408 1809 opera

167 1827 320 1892 humanae
341 1825 521 1909 potestatis,
546 1825 688 1909 Episcopi
709 1829 927 1904 amoveantur3
952 1845 1049 1912 nequo
1069 1829 1174 1893 tamen
1198 1827 1407 1909 diffitendum,

165 1930 197 1995 id
222 1929 416 2014 spostolicae
435 1929 517 2010 Sodi,
543 1949 596 2014 pro
614 1948 757 2014 suprema
771 1930 803 1995 in
821 1934 965 2015 agnocat
982 1932 1261 2012 ovesauctorituta
1284 1935 1408 1999 omnino

165 2034 267 2113 licere,
290 2052 359 2099 cum
383 2033 490 2118 gravia
514 2053 616 2099 rerum
640 2037 797 2100 momenta
819 2037 913 2119 atque
935 2054 1092 2100 summum
1114 2036 1270 2102 Ecclesiae
1292 2037 1407 2103 bonum

166 2139 344 2222 depuscant.
386 2137 516 2204 Constat
537 2141 641 2204 autom
676 2157 712 2203 ex
740 2139 873 2223 publicis
905 2141 1129 2222 monumentis,
1159 2141 1230 2208 illos
1259 2141 1407 2207 nimirum

166 2243 340 2327 Episcopos,
362 2241 416 2327 qui
440 2245 505 2308 tam
526 2243 603 2309 bene
624 2243 737 2327 dinque
758 2246 848 2309 erant
869 2244 907 2308 de
928 2243 1065 2310 Ecclesia
1086 2246 1201 2325 meriti,
1224 2246 1249 2310 si
1273 2246 1407 2330 primum

164 2347 299 2431 quidem,
321 2366 417 2431 neque
439 2348 517 2412 satis
538 2346 670 2414 fortasse
693 2351 852 2431 comporta
873 2367 977 2428 causa,
1001 2349 1178 2415 invitationi
1195 2350 1242 2415 Pii
1260 2350 1328 2418 vll.
1350 2351 1408 2418 risi

165 2455 237 2516 sunt
260 2452 425 2528 restitisse,
455 2470 488 2516 re
511 2453 617 2534 postea
641 2451 751 2516 melius
773 2451 969 2518 considerata
989 2457 1021 2518 ot
1042 2457 1206 2537 percepta,
1240 2453 1406 2538 pontificiis

167 2555 371 2620 hortamentis
403 2554 533 2620 docilem
568 2554 745 2637 praebuisse
778 2575 884 2622 aurem
921 2556 960 2620 ad
995 2575 1090 2622 unum
1124 2575 1252 2642 ornnes;
1285 2560 1408 2625 constat

165 2659 290 2748 pariter,
312 2659 437 2726 decreta
459 2660 491 2723 et
510 2658 698 2743 praescripta
722 2659 919 2744 apostolicae
942 2659 1038 2740 Sedis,
1063 2661 1174 2744 quibus
1189 2680 1238 2727 res
1253 2662 1409 2729 catholica

164 2763 196 2827 in
218 2761 329 2828 Galliis
352 2764 441 2846 quasi
464 2783 483 2828 a
504 2763 602 2830 ruinis
624 2763 863 2843 restituebatur,
894 2766 933 2830 ab
960 2765 1005 2831 eis
1034 2767 1109 2849 ipsis
1133 2766 1291 2851 Episcopis
1313 2769 1406 2833 stab

165 2867 308 2932 uniuerso
327 2866 543 2951 Episcoporum
567 2870 655 2934 coetu
676 2869 769 2934 luisse
793 2869 882 2952 plene
905 2871 1043 2952 probata.
1082 2869 1201 2954 Quippe
1230 2871 1406 2937 intellexere

165 2989 280 3048 omines,
303 2974 448 3036 neutrum
473 2972 519 3038 las
542 2991 608 3037 esso
632 2971 797 3052 alhrmaro,
822 2973 991 3039 Ecclesiam
1011 2973 1206 3053 catholicam,
1231 2976 1278 3042 val
1295 2994 1314 3040 a
1330 2974 1407 3042 Gal·

165 3077 215 3140 liis
239 3095 291 3159 per
313 3075 402 3140 Pium
419 3074 487 3142 Vll.
511 3075 736 3158 quodammodo
757 3077 907 3156 exulasse,
930 3079 978 3143 sol
1000 3079 1099 3143 totam
1119 3078 1151 3142 in
1167 3078 1287 3164 aliquot
1301 3079 1403 3145 homi·

166 3199 238 3244 num
264 3178 419 3258 millibus,
452 3179 582 3264 pastoris
609 3181 801 3264 expertibus,
832 3181 1018 3247 constitisse.
1059 3180 1110 3247 Illi
1131 3182 1229 3266 igitur
1253 3183 1407 3268 Episcopi,

165 3287 232 3348 tum
254 3283 307 3367 qui
331 3283 450 3363 statim,
475 3287 541 3349 tum
563 3284 616 3368 qui
635 3284 777 3368 deinceps
792 3284 886 3368 jussis
901 3286 1019 3351 romani
1037 3285 1197 3352 Pontificis
1213 3286 1408 3371 obtempera·

167 3388 292 3467 rerunt,
324 3388 405 3454 sicut
434 3390 527 3454 autea
557 3389 706 3454 firmitate
737 3388 885 3472 propositi
906 3392 1013 3456 contra
1035 3389 1199 3474 impiorum
1224 3393 1353 3456 conatus
1376 3393 1409 3456 et

165 3490 323 3556 laboribus
354 3492 570 3576 aerumnisque
599 3492 758 3572 toleratis,
791 3511 857 3558 sese
894 3494 957 3559 ileo
986 3501 1019 3558 et
1053 3493 1210 3560 Ecclesiae
1244 3496 1409 3577 operarios

164 3595 401 3678 damnatitius
423 3595 633 3675 exhibuerant,
656 3596 702 3661 ita
723 3597 1041 3681 multoqueamplius
1061 3599 1209 3683 juverunt
1237 3599 1406 3664 Ecclesiam

166 3698 198 3762 et
221 3697 400 3780 populorum
422 3701 641 3766 consuluerunt
662 3701 778 3780 saluti,
813 3721 909 3786 quum
940 3702 1026 3785 pacis
1056 3703 1088 3767 in
1119 3704 1175 3769 illa
1197 3703 1408 3770 conciliandae

166 3817 260 3866 causa
286 3799 503 3886 religionisque
526 3805 606 3887 apud
629 3803 736 3870 Gallos
755 3805 957 3884 relevandae,
989 3806 1216 3874 abdicationem
1243 3807 1408 3893 dignitatis

165 3923 257 3984 suae,
287 3904 375 3970 salsa
396 3907 519 3972 omniuo
538 3906 626 3974 Sedis
648 3909 845 3992 Apostolicae
866 3910 1067 3988 auctoritato,
1101 3910 1164 3977 Deo
1194 3914 1227 3979 et
1253 3911 1408 3977 Ecclesiae

165 4007 352 4075 obtulerunt.
376 4007 444 4090 Qua
466 4009 503 4074 de
527 4029 560 4075 re
582 4012 720 4095 exempla
741 4013 772 4077 in
796 4013 959 4079 annalibus
980 4015 1076 4080 sacris
1098 4034 1158 4081 uon
1176 4015 1290 4080 desunt
1305 4017 1408 4081 sotera

165 4114 197 4178 et
219 4132 305 4180 nova.
349 4112 491 4198 lusiguia
511 4115 635 4198 quidem
659 4116 697 4181 ad
720 4117 920 4195 memoriam,
950 4118 1045 4185 simul
1068 4118 1186 4184 Iactum
1209 4117 1240 4186 S.
1265 4117 1407 4204 Gregorii

165 4216 370 4297 Nazianzeni,
391 4237 408 4284 e
428 4218 500 4284 sede
524 4217 883 4304 Constantinopolitaua,
907 4221 1011 4287 studio
1033 4222 1137 4307 pacis,
1168 4226 1238 4288 utro
1267 4222 1407 4289 cedentis

164 4321 258 4386 simul
281 4321 336 4387 illa
358 4321 421 4390 aS.
439 4322 623 4403 Melchiade,
648 4323 810 4408 Decessore
833 4324 956 4404 Nostro,
981 4326 1103 4410 prolata
1117 4326 1274 4392 sententia
1292 4345 1405 4411 »quam

164 4423 319 4503 inuocans,
341 4443 435 4509 quam
457 4427 589 4511 integra,
612 4430 706 4512 atquo
725 4427 873 4512 pacifica«
898 4428 943 4513 (S.
968 4434 1059 4515 hug,
1082 4431 1137 4514 Ep.
1161 4430 1276 4509 XLIII,
1300 4432 1344 4515 5).

269 4527 330 4594 Hic
352 4529 452 4608 enim,
483 4533 518 4596 ut
539 4531 653 4597 Donati
676 4532 830 4612 schisma,
854 4535 936 4618 quod
960 4537 1030 4618 post
1051 4537 1173 4601 tautam
1196 4535 1408 4602 Diocletianae

165 4632 384 4714 persecutionis
406 4634 527 4700 cladem
551 4639 731 4702 vexatarum
755 4641 823 4703 erat
845 4638 1015 4705 Ecclesiam
1039 4639 1115 4721 Dei,
1146 4639 1204 4707 sub
1233 4641 1327 4706 initia
1353 4659 1407 4705 ox·
