3275 4917
807 777 912 859 xviii.

113 925 116 932 ’
248 937 453 1018 Nuntiatum
479 935 682 1018 viennensis
708 935 752 1016 ie
780 934 912 1016 birreio
938 934 1036 1034 nipro
1063 933 1147 1013 cieri
1176 931 1404 1013 liuttonomm
1431 934 1465 1012 in

306 1058 526 1139 dioecesibus
555 1057 777 1158 teopoiiensi
805 1053 1038 1137 Premisliensi
1064 1052 1407 1155 Sionisiaopolitana

340 1249 367 1316 l.
392 1248 455 1313 Nos
479 1247 631 1313 Antonius
657 1245 810 1332 Agliardi‚
833 1245 890 1310 Dei
914 1247 947 1311 et
969 1245 1166 1329 Apostolicae
1187 1244 1276 1310 Sedis
1292 1244 1396 1329 gratio
1411 1244 1473 1310 Ar·

234 1351 444 1436 chiepiscopns
471 1350 680 1418 Caesariensis
710 1348 792 1433 opud
822 1367 941 1414 sacram
972 1368 1146 1414 caesaream
1176 1351 1225 1414 est
1254 1348 1372 1432 regiam
1406 1349 1475 1414 lla·

230 1457 378 1542 jestetem
406 1455 614 1539 Apostolicarn
650 1473 721 1520 cnm
753 1455 906 1538 potestate
937 1454 1035 1539 legati
1065 1455 1103 1521 de
1130 1453 1227 1520 latere
1250 1453 1387 1520 Nuntios
1417 1451 1475 1520 Or·

234 1559 373 1624 dinarius
397 1560 455 1626 etc.
479 1560 538 1626 eto.

335 1663 408 1729 Jam
430 1663 483 1727 din
503 1682 557 1747 per
580 1658 913 1750 Brereipostolicum
936 1661 997 1728 diei
1023 1663 1064 1728 14
1086 1662 1271 1745 septembris
1297 1661 1380 1726 1875
1403 1679 1476 1725 con·

234 1786 318 1834 cessa
341 1766 442 1833 luerat
472 1767 624 1845 facultas,
662 1769 698 1833 ut
735 1767 836 1833 clerus
870 1770 996 1833 curatus
1029 1766 1288 1850 Metropolitanus
1320 1765 1476 1831 Ecclesiae

142 1949 143 1953 Ἰ
235 1871 442 1955 Leopoliensis
480 1871 691 1937 cuthenorum
739 1871 853 1937 birreto
894 1871 1028 1957 quodam
1066 1871 1154 1955 nigro
1194 1871 1224 1935 in
1258 1869 1476 1936 ecclesiasticis

233 1975 444 2041 lunationibus
473 1976 611 2041 uteretur
640 1976 808 2058 eademqne
837 1975 970 2040 facultas
1000 1994 1019 2039 a
1045 1975 1140 2041 Sacra
1169 1974 1416 2060 congregatione
1437 1973 1475 2039 de

235 2080 438 2164 Propaganda
464 2079 538 2144 cide
568 2079 606 2144 ad
638 2078 807 2146 canonicos
837 2079 1068 2163 Metropolitani
1098 2079 1229 2162 capituli
1258 2078 1474 2162 Leopoliensis,

234 2203 304 2250 cum
327 2183 392 2249 eius
413 2183 650 2250 constitutiones
670 2184 928 2267 adprobarentur,
958 2186 1084 2248 extensa
1112 2183 1182 2250 fuit.
1229 2185 1375 2248 Attamen
1400 2200 1474 2247 non·

234 2289 339 2354 nullae
361 2287 432 2353 hinc
454 2287 654 2353 diliicultates
677 2289 801 2354 exortae
823 2290 910 2365 sunt,
939 2306 1018 2371 quae
1040 2287 1279 2372 prohibuerunt,
1310 2286 1475 2371 quominus

232 2393 309 2460 haec
331 2393 462 2459 facultas
485 2391 524 2458 ad
546 2393 754 2458 executionem
776 2395 948 2472 vocaretur,
970 2394 1003 2457 et
1024 2392 1105 2458 inter
1122 2394 1246 2458 caetera
1264 2391 1295 2456 id
1312 2391 1475 2458 videbatur

234 2499 480 2581 inopportunum,
504 2497 584 2582 qnod
608 2497 714 2563 birreti
738 2496 913 2563 huiusmodi
941 2497 1040 2564 forma
1059 2496 1214 2580 quandam
1236 2495 1474 2561 similitudinem

232 2601 420 2684 praescierat
442 2621 511 2665 cum
534 2619 586 2680 ea,
618 2619 678 2683 qna
701 2599 892 2666 schismatici
915 2601 1085 2687 presbyteri
1113 2603 1251 2665 utantur.
1289 2600 1474 2684 Nuperrime

234 2707 338 2771 autem
360 2725 429 2770 cum
449 2704 542 2770 Sacra
566 2704 672 2768 endem
688 2703 896 2788 Congregatio
915 2705 1047 2769 examini
1063 2705 1218 2771 subiceret
1231 2703 1474 2771 constitutiones

234 2809 446 2892 capitulorum
474 2809 699 2874 Premisliensis
722 2810 756 2874 et
787 2807 1075 2891 Stanislaopolituni
1115 2810 1325 2874 liuthenorum
1364 2828 1473 2874 norom

235 2914 412 2998 petitionem
437 2931 491 2996 pro
512 2932 569 2977 nsn
594 2913 699 2978 birreti
723 2913 843 2978 varieta
865 2913 965 2978 forme
986 2913 1105 2996 excepit
1128 2916 1160 2978 et
1183 2914 1304 2996 insuper
1327 2912 1473 2990 decrerit.

233 3021 269 3084 ut
293 3019 330 3082 de
348 3037 495 3083 consensu
520 3017 666 3082 Excellmi
690 3016 905 3102 Metropolitae
920 3017 955 3083 B.
974 3016 1007 3083 P.
1025 3017 1062 3083 D.
1080 3016 1221 3084 Silvestri
1237 3016 1475 3083 Sembratowica

233 3125 266 3188 et
288 3123 507 3206 cpiscoporum
531 3123 596 3187 eius
618 3121 888 3207 Suffraganeornm
916 3121 1015 3187 torma
1036 3122 1229 3188 istiusmodi
1254 3122 1367 3187 Nuntii
1390 3121 1473 3204 Apo·

233 3227 334 3292 stolioi
358 3227 486 3292 arbitrio
509 3226 705 3311 adprobanda
726 3229 953 3308 proponeretur.
983 3226 1048 3291 Nos
1070 3226 1168 3309 igitur
1191 3245 1260 3291 cnm
1277 3226 1365 3309 plene
1379 3244 1473 3292 noue·

233 3332 328 3397 rimus
357 3330 558 3395 difficultates
582 3331 655 3395 olim
680 3331 846 3396 existentes
869 3330 959 3395 modo
982 3331 1154 3408 cremisse,
1178 3331 1362 3397 auctoritate
1387 3332 1470 3413 Apo·

232 3436 342 3502 stolica
355 3435 452 3502 Nobis
464 3434 650 3498 demandata
667 3436 788 3498 utentes
804 3434 912 3498 birreti
929 3435 1055 3499 violacei
1072 3434 1202 3499 formam
1218 3435 1305 3500 iaxta
1319 3435 1474 3518 exemplar

233 3539 330 3604 Nobis
354 3538 553 3621 propositum,
575 3538 655 3622 quod
678 3539 709 3601 in
732 3537 925 3603 Nuntiatum
947 3538 1127 3620 Apostolica
1148 3539 1301 3606 asservari
1322 3540 1473 3616 iubemus,

232 3644 314 3709 omni
336 3642 454 3708 meliori
477 3641 594 3706 ratione
618 3662 670 3726 per
693 3661 836 3726 praesens
869 3642 1035 3707 Decretum
1067 3644 1291 3726 adprobemus,
1321 3647 1474 3728 qnatenus

233 3748 337 3814 eodem
377 3746 424 3811 nti
457 3746 540 3812 licite
579 3747 698 3829 possint
734 3745 880 3812 Canonici
917 3748 983 3812 tam
1019 3747 1176 3812 Ecclesiae
1216 3747 1473 3831 Metropolitanus

232 3851 439 3934 Leopoliensis
485 3871 575 3935 quem
627 3851 834 3917 ccclesiarum
883 3850 1115 3918 cathedralium
1169 3851 1394 3918 Premisliensis
1439 3854 1472 3917 et

233 3955 532 4040 Stanislaopoliensis
570 3955 649 4020 ritus
683 3956 806 4020 rutheni
838 3955 927 4039 juxta
962 3957 1140 4039 petitionem
1176 3956 1311 4036 iactam,
1345 3958 1473 4023 onerata

231 4063 337 4126 tamen
357 4061 548 4144 singulorum
573 4059 804 4126 Ordinariornm
827 4061 1024 4138 conscientia,
1047 4062 1083 4125 ut
1106 4060 1280 4145 invigilent,
1306 4080 1343 4126 ne
1366 4061 1472 4145 aliqua

232 4165 363 4230 variatio
385 4165 433 4230 rel
455 4165 633 4228 immutatio
655 4164 719 4228 siue
741 4164 842 4248 quoad
865 4163 994 4230 lormam
1019 4165 1083 4230 sire
1105 4166 1205 4249 quoad
1227 4165 1360 4232 colorem
1384 4183 1471 4251 prae·

232 4269 289 4334 lati
309 4269 418 4335 birreti
442 4267 684 4351 quandocunque
707 4267 930 4334 introducatur.

338 4390 452 4456 Datum
477 4391 612 4456 Viennae
632 4409 667 4454 er
690 4390 826 4455 Aedibus
851 4389 1059 4455 Nuntiaturae
1082 4389 1211 4473 Aplicae
1233 4390 1284 4456 die
1310 4392 1345 4457 ll
1364 4389 1472 4475 aprilis

235 4491 330 4560 1894.
750 4599 910 4665 Antonius
932 4597 1188 4682 Archiepiscopns
1210 4597 1428 4664 caesariensis.
