3275 4917
513 256 592 313 Para
608 258 761 313 secanda.-
783 258 827 313 Oe
845 261 1061 313 sacrementis.
1234 333 1236 336 Ι
1345 239 1409 305 445

237 494 239 501 ,
270 431 301 495 5.
332 430 374 495 ιιι
402 432 508 496 annm
536 429 580 495 rei
605 429 684 495 tanti
708 429 855 495 momenti
880 428 1052 496 consultius
1075 429 1319 515 diligentiusque
1342 450 1409 514 pro-

166 535 354 611 videremus,
388 538 560 601 nostrornm
584 534 778 601 decessorum
801 535 934 619 uestigia
955 539 1190 621 persequentes,
1223 534 1408 620 peculiarem

165 639 436 724 congregationem
459 638 736 704 ceclesiasticorum
767 639 912 721 probatae
942 639 1013 704 fidoi
1044 640 1214 723 elegimus,
1245 639 1286 705 ad
1315 657 1408 721 quam

166 743 253 808 iuxta
273 742 422 828 quasdam
446 742 570 825 regulas
592 745 713 826 spectat
737 742 775 807 de
790 742 996 826 qualitatibus
1011 763 1048 809 ac
1063 743 1174 809 ceteris
1189 743 1408 831 promovendo·

165 866 233 911 rnm
265 846 422 929 requisitis
452 846 619 930 inquirere,
653 846 809 930 Nobisque
836 847 986 932 quidquid
1019 847 1050 912 in
1086 846 1215 912 Domino
1245 845 1407 924 senserint,
1496 932 1498 936 Ι

165 950 282 1016 sincere
305 968 453 1033 exponere
463 949 498 1035 ¹).

270 1056 299 1123 6.
329 1054 501 1120 Ordinandi
529 1073 634 1119 omues
664 1054 835 1138 pericnlum
856 1055 904 1121 sni
929 1055 1044 1122 facient
1071 1056 1101 1120 in
1125 1055 1225 1121 latina
1247 1054 1357 1138 lingna
1377 1056 1410 1119 et

165 1158 215 1235 iis,
239 1178 317 1242 quae
347 1160 490 1241 spectant
513 1157 551 1223 sd
575 1157 715 1237 Ordines,
745 1176 822 1243 qnos
841 1158 976 1243 recipere
1009 1160 1128 1226 volunt.
1174 1143 1353 1235 Praeterea,
1381 1158 1409 1222 si

165 1264 276 1345 agatur
306 1262 343 1327 de
373 1262 511 1326 tonsura
541 1264 571 1325 et
596 1260 761 1327 Ordinibus
785 1262 971 1343 minoribus,
1002 1262 1176 1348 pericnlum
1206 1264 1253 1327 sni
1285 1282 1405 1346 qnoque

167 1364 281 1431 facient
304 1364 333 1429 in
358 1364 527 1429 christiana
551 1364 709 1443 doctrinar
731 1366 758 1431 si
783 1385 853 1431 vero
873 1366 911 1430 de
934 1366 1112 1444 maioribus,
1135 1366 1167 1430 in
1191 1367 1296 1450 aliquo
1318 1367 1406 1430 thoe·

165 1468 266 1553 legiae
289 1468 483 1553 dogmaticae
505 1472 537 1535 et
559 1468 682 1535 moralis
705 1471 852 1535 tractatu.
901 1470 1050 1536 Volumus
1072 1472 1195 1553 insuper
1219 1472 1254 1536 nt
1282 1473 1406 1535 cantum

166 1574 382 1659 gregorianum
407 1572 552 1639 calleant.

270 1678 300 1743 7.
337 1676 567 1742 llxaminatores
599 1695 783 1761 magnopere
813 1678 974 1742 hortemur
1001 1679 1053 1755 ut,
1082 1676 1165 1744 enini
1194 1677 1331 1743 hnmana
1358 1675 1405 1741 al·

167 1780 296 1845 lectione
330 1780 525 1863 posthabita,
564 1780 596 1844 in
629 1780 776 1865 suffragio
806 1780 931 1845 ferendo
964 1781 1112 1846 indicium
1147 1784 1180 1846 et
1213 1778 1406 1864 diligentiam

167 1885 343 1961 adhibeant,
369 1904 440 1967 prae
463 1884 560 1949 oeulis
584 1883 743 1964 babentes,
766 1904 798 1949 se
823 1883 914 1951 huius
939 1886 981 1950 rei
1006 1884 1157 1951 rationem
1180 1904 1282 1951 coram
1306 1884 1408 1948 divino

166 1988 271 2053 Iudice
288 1988 470 2066 reddituros,
485 1990 512 2053 si
528 1988 619 2053 aliter
635 1991 750 2073 ugaut3
774 2007 897 2054 necesse
914 1992 962 2055 cst
976 1989 1058 2054 enlm
1075 1988 1232 2072 impedire,
1247 1987 1409 2073 quominus

166 2094 205 2157 ad
227 2111 329 2158 sacros
352 2090 481 2158 Ordines
508 2091 555 2157 illi
585 2092 792 2175 provehantur
822 2094 875 2177 qni
906 2092 1035 2178 pigritia
1067 2093 1259 2170 laborantes,
1289 2091 1409 2157 talenta

167 2202 293 2281 accepta
317 2196 493 2280 relinquant
515 2196 629 2275 otiosa,
661 2198 709 2262 rel
730 2198 783 2282 qni
805 2198 870 2263 siut
892 2198 1017 2281 iugenio
1040 2197 1085 2263 ita
1108 2197 1233 2275 obtuso,
1266 2199 1302 2262 ut
1330 2216 1408 2280 quae

167 2302 295 2386 quisque
317 2301 459 2366 sacerdos
484 2300 560 2366 alios
584 2301 710 2366 edocere
732 2300 835 2377 debet,
857 2306 1010 2385 nequeant
1024 2300 1172 2367 ediscere.

270 2406 300 2473 8.
333 2404 474 2471 Perienlo
497 2404 695 2471 laudabiliter
718 2406 817 2484 lacto,
840 2404 1037 2490 promovendi
1062 2406 1101 2470 ad
1125 2404 1256 2471 maiores
1279 2401 1408 2469 Ordines

167 2511 199 2574 in
222 2529 280 2576 sua
298 2510 428 2593 quisque
451 2508 580 2574 ecclesia
604 2508 772 2594 parochiali
796 2510 916 2594 publice
939 2508 1039 2576 tribus
1062 2509 1216 2575 continuis
1239 2507 1409 2573 Dourinicis

168 2612 215 2677 vel
258 2612 328 2679 aliis
373 2613 460 2679 lestis
505 2612 613 2679 diebus
655 2614 739 2681 intra
782 2614 947 2679 Missurum
974 2612 1134 2681 'solemnia
1177 2612 1407 2690 denuntientur,

166 2734 306 2799 expresso
328 2717 567 2801 uniuscuiusque
591 2720 731 2797 nomine,
755 2719 953 2803 cognomine,
981 2720 1083 2803 patria
1105 2721 1137 2785 et
1160 2716 1253 2784 titulo
1276 2716 1408 2783 Ordina-

168 2819 270 2887 tionis.
312 2821 410 2887 Nemo
434 2824 538 2885 antem
563 2821 601 2885 ad
626 2822 681 2887 bos
704 2820 834 2888 Ordines
856 2822 1050 2905 provehetur,
1076 2821 1134 2898 pisi
1159 2822 1271 2887 Curiae
1291 2821 1407 2904 episco-

166 2912 229 3007 pali
250 2924 419 2990 exhibitum
436 2924 531 2989 luerit
546 2924 768 3005 testimoninm,
790 2943 850 3008 quo
874 2925 1025 3008 parochus
1047 2925 1140 2990 tidem
1163 2925 1267 3002 laniat,
1290 2924 1406 2989 nnllnrn

168 3028 262 3094 luisse
284 3030 474 3111 compertum
497 3026 760 3111 impedimentum.

270 3134 300 3198 9.
328 3130 367 3197 Ut
389 3134 492 3198 autem
515 3132 711 3217 promovendi
735 3132 774 3197 sd
796 3150 916 3198 sacram
941 3130 1172 3198 Ordinatiouem
1197 3132 1256 3198 rite
1279 3152 1407 3216 pracpa-

167 3238 287 3315 rentur,
322 3236 360 3301 ad
393 3236 549 3301 tramitem
585 3236 758 3321 encyclicae
792 3236 943 3320 epistolae
977 3235 1062 3300 iussu
1090 3235 1256 3302 Clementis
1283 3236 1339 3303 Xl.
1369 3237 1408 3301 ad

168 3340 330 3424 llpiseopos
353 3340 444 3405 datae
466 3339 515 3405 die
541 3342 567 3406 l.
594 3340 751 3405 Februarii
778 3340 872 3420 1710,
898 3340 1053 3417 volumus,
1077 3342 1186 3424 utqui
1208 3339 1248 3405 ad
1270 3340 1409 3425 singulos

167 3444 296 3510 maiores
319 3442 450 3510 Ordines
465 3444 590 3527 provehi
606 3444 728 3523 debent,
754 3463 806 3527 per
822 3445 927 3510 decem
945 3444 1010 3509 dies
1025 3443 1259 3511 Ordinationem
1275 3444 1409 3527 proxime

166 3546 383 3631 praecedentes
406 3548 436 3612 iu
460 3548 550 3614 domo
572 3548 716 3633 religiosa
740 3549 786 3613 rel
808 3548 869 3613 alio
893 3548 924 3613 in
948 3548 1014 3613 loco
1041 3568 1060 3612 a
1088 3548 1186 3613 Nobis
1216 3548 1408 3633 designando

166 3650 380 3735 spiritualibus
403 3655 513 3717 vacent
535 3652 697 3720 exercitiis.
721 3652 782 3735 Qui
804 3671 875 3718 vero
897 3652 937 3717 ad
960 3651 1092 3717 minores
1110 3650 1240 3718 Ordines
1259 3653 1408 3719 eschendi

167 3759 249 3835 sunt,
272 3756 380 3822 iisdem
402 3756 554 3823 exercitiis
577 3776 629 3841 per
651 3758 715 3823 tres
737 3757 804 3822 dics
827 3774 951 3840 operam
974 3756 1058 3823 dent.

273 3861 322 3929 10.
346 3860 496 3944 Quoniam
522 3880 590 3927 nero
605 3880 708 3927 saeros
726 3861 884 3926 ministros
899 3862 1023 3927 omnino
1038 3859 1166 3926 dedecet
1181 3859 1219 3925 ad
1235 3879 1268 3926 se
1285 3860 1409 3927 alendos

168 3965 351 4043 mendicare,
377 3971 432 4030 ant
455 3966 484 4030 in
509 3966 614 4049 aliqua
638 3966 705 4031 arte
728 3964 860 4041 versari,
884 3983 972 4031 uerno
995 3963 1034 4028 ad
1057 3982 1160 4030 saeros
1180 3962 1312 4031 Ordines
1336 3984 1404 4048 pro-

167 4070 281 4135 moveri
312 4072 429 4153 potest,
462 4069 519 4134 nisi
552 4071 635 4154 prius
667 4071 803 4146 constet,
836 4088 908 4134 enm
942 4067 1124 4133 beneficium
1154 4068 1408 4146 ecclesiasticum,

166 4172 246 4256 qnod
269 4173 330 4239 sibi
353 4173 390 4238 ad
416 4173 541 4239 honeste
565 4173 728 4238 vivendum
749 4172 903 4249 sulliciat,
932 4171 1060 4256 pacifice
1082 4172 1244 4254 possidere.
1292 4173 1408 4238 ludieio

167 4278 271 4341 antem
299 4280 402 4343 nostro
430 4278 619 4360 permittitur
648 4278 817 4361 inquirere,
852 4280 956 4341 utrum
979 4277 1032 4359 qui
1066 4294 1119 4359 pro
1150 4278 1334 4344 necessitate
1358 4278 1407 4341 vel

166 4380 385 4446 commoditate
414 4384 586 4447 nostrarum
621 4382 827 4447 hicclesiarum
859 4380 952 4447 titulo
981 4380 1159 4463 patrimonii
1183 4380 1231 4446 rel
1253 4382 1406 4463 pensionis

270 4592 296 4661 1)
319 4592 418 4663 Syuouii
438 4592 581 4649 Pistorien.
601 4594 629 4647 et
648 4592 755 4647 Praten.
775 4590 929 4647 Columbini
951 4590 1046 4656 llassii,
1064 4608 1120 4662 par.
1139 4592 1161 4656 l,
1180 4591 1224 4645 tit.
1245 4592 1285 4646 10.
