3275 4917
227 289 291 356 302
419 306 531 380 compr.
549 308 609 364 litt.
627 309 657 364 9.
677 305 844 363 Dcc189b
861 306 899 362 dc
917 308 1016 361 muro
1032 307 1068 360 lea
1085 305 1193 362 alicua
1210 303 1282 361 cccl.

226 481 365 561 matuta,
393 479 600 558 confluentes,
631 478 728 544 aliam
749 479 943 544 celebrarent
965 476 1094 545 blissam
1119 477 1160 544 ab
1181 476 1253 556 illa,
1275 476 1388 545 iisdem
1411 475 1472 542 Re-

226 585 388 671 galeribus
410 601 574 651 concessa:
604 581 679 650 binc
701 582 818 648 lectum
840 585 906 661 est,
937 582 973 648 nt
993 581 1113 651 Summi
1136 581 1319 662 Pontifices,
1350 581 1382 647 in
1405 579 1473 665 ipso

229 689 473 756 Beatifloutionis
497 688 600 766 Brevi,
622 686 784 753 Indultnm
806 706 861 771 pro
887 687 1092 772 Regularibus
1114 687 1234 764 datum,
1256 687 1297 752 ad
1318 705 1425 753 omnes
1439 686 1473 751 et

226 794 367 878 singulos
389 792 566 859 sacerdotes
588 791 622 857 in
643 792 793 876 praelatis
817 790 965 859 ldoclcsiis
987 791 1182 858 celebrantes
1203 789 1412 858 extenderent.

329 897 365 964 Id
388 899 492 964 autem
516 915 678 983 progressu
699 897 848 980 temporis
876 895 1049 963 consultius
1078 915 1115 962 ao
1144 915 1237 980 prope
1264 893 1471 962 neceesarium

225 1001 396 1067 indicatum
419 1003 475 1081 est,
499 1021 568 1067 cum
590 1019 686 1067 norae
708 1001 872 1086 pleresque
895 1001 1018 1078 bliseao,
1040 1000 1153 1067 iisdem
1178 999 1392 1086 Regularibus,
1415 1017 1471 1064 seu

226 1107 321 1172 etiam
343 1106 506 1190 permultis
529 1105 768 1189 particularibus
782 1105 931 1185 ecclesiis,
950 1123 1045 1188 quum
1060 1104 1255 1183 Sanctorum,
1273 1105 1341 1170 tum
1360 1105 1471 1170 Beato-

226 1231 294 1276 mm
317 1210 457 1276 indultae
479 1209 561 1286 sint,
598 1229 635 1276 ne
667 1209 811 1276 videlicet
841 1210 924 1276 latae
951 1229 1042 1294 super
1070 1209 1278 1275 celebratione
1303 1208 1468 1276 Missurum

225 1316 319 1401 leges,
343 1317 398 1380 aut
420 1315 626 1381 confusionem
650 1317 706 1380 aut
729 1313 818 1380 lacile
842 1314 1119 1398 transgressionem
1142 1315 1332 1397 paterentur,
1355 1313 1413 1378 nisi
1437 1315 1471 1378 et

225 1419 305 1486 forte
326 1419 503 1486 earumdem
527 1417 723 1485 obseruantia
746 1418 810 1483 lere
833 1417 1032 1503 impossibilis
1054 1417 1153 1486 deret.

328 1524 415 1607 Quae
436 1523 560 1608 quidem
585 1522 689 1590 omnia
709 1539 778 1588 cnm
799 1523 924 1606 pluries,
945 1542 982 1589 ao
997 1523 1180 1606 praesertim
1196 1523 1227 1586 in
1245 1541 1307 1587 nna
1321 1522 1472 1590 Romano

226 1627 413 1706 moeones,
435 1627 468 1692 iu
491 1628 643 1694 convento
667 1626 774 1693 babito
796 1626 848 1692 die
870 1628 923 1696 22.
948 1628 1083 1711 Augusti
1108 1627 1202 1705 1890,
1227 1643 1376 1709 perpenso
1393 1625 1471 1691 iuis·

225 1733 310 1810 sent,
333 1751 422 1797 sacra
444 1732 572 1798 Ritunm
597 1729 822 1814 congregatio,
847 1730 946 1796 dilato
970 1730 1174 1808 resolutione,
1197 1730 1346 1808 decrerit,
1370 1731 1408 1796 ut
1428 1729 1470 1796 ed

225 1855 345 1902 omnem
368 1835 588 1902 difficultatem
611 1835 734 1920 penitus
755 1835 998 1919 amputandam,
1027 1837 1130 1902 certae
1153 1853 1279 1901 normae
1303 1835 1362 1900 bac
1381 1834 1414 1900 in
1436 1852 1469 1898 re

225 1940 377 2006 universis
399 1940 610 2008 sacerdotibus
632 1940 663 2006 in
687 1939 966 2025 singuliscasibus
988 1940 1260 2008 constituerentur.
1294 1939 1415 2005 idcirco
1436 1937 1467 2003 in

225 2043 397 2112 Ordinariis
421 2042 563 2111 Comitiis
584 2044 625 2110 ad
647 2043 835 2110 Vaticanum
857 2044 1043 2130 subsignata
1065 2043 1116 2110 die
1131 2044 1257 2126 babilis,
1282 2044 1361 2110 banc
1376 2061 1471 2128 gone·

226 2150 321 2216 ralem
345 2148 498 2233 Regulam
522 2149 560 2213 ab
584 2146 726 2215 omnibus
749 2148 933 2214 servandam
956 2149 1135 2215 constituite

329 2252 444 2320 Omnes
464 2253 497 2318 et
518 2251 634 2337 singuli
657 2251 841 2331 secerdotes,
863 2257 927 2318 tam
943 2252 1116 2320 saeculares
1131 2271 1224 2336 quam
1240 2253 1409 2336 regulares,
1429 2251 1470 2316 ad

227 2357 388 2422 ecclesiam
423 2355 629 2434 conduentes,
664 2357 712 2421 sel
746 2357 785 2421 ad
819 2356 989 2422 oratorium
1024 2357 1198 2440 publicum,
1229 2356 1342 2423 blissas
1372 2375 1467 2439 quum

226 2459 410 2528 Sanctorum
431 2463 498 2526 tum
515 2460 690 2542 Raetorum,
711 2461 771 2526 etsi
787 2460 989 2546 Regularium
1006 2462 1154 2545 proprias,
1175 2460 1299 2528 omnino
1312 2461 1470 2527 celebrent

226 2564 335 2631 Officio
356 2565 493 2630 eiusdem
517 2565 664 2632 ecclesiae
686 2565 734 2631 vel
753 2565 880 2632 oratorii
896 2567 1078 2644 conlormes,
1100 2566 1165 2633 sire
1180 2565 1254 2632 illae
1269 2565 1300 2630 in
1321 2565 1467 2639 Romano,

225 2669 289 2734 sire
310 2669 342 2733 in
364 2667 566 2753 Regularinm
591 2668 712 2734 blissali
734 2669 964 2750 contineantur,
984 2671 1117 2737 exclusis
1139 2673 1245 2737 tamen
1260 2668 1468 2754 peculiaribus

224 2773 339 2839 ritibus
361 2771 512 2838 Ordinum
534 2771 675 2857 propriis.

329 2874 362 2941 Si
385 2894 456 2942 roro
477 2875 509 2940 in
532 2876 617 2942 dicta
639 2877 771 2944 ecclesia
791 2877 840 2944 rel
860 2877 994 2946 oratorio
1016 2878 1161 2945 (illiciam
1185 2878 1265 2943 ritus
1288 2876 1402 2962 duplici
1418 2877 1466 2942 in·

227 2978 345 3045 ferioris
366 2982 497 3065 agatur,
527 2980 691 3066 unicuique
724 3001 760 3046 er
789 2982 1017 3049 celebrantibus
1047 2983 1179 3048 liberum
1210 2983 1252 3049 sit
1276 2982 1405 3048 Missam
1429 2981 1468 3047 de

225 3083 340 3168 Requie
363 3103 519 3170 peragere,
539 3085 589 3152 rel
613 3086 758 3164 votivam,
782 3086 940 3154 ueletiam
956 3086 1286 3166 deooonrrentcleris,
1308 3086 1346 3152 iis
1361 3089 1467 3152 temen

224 3189 358 3272 exceptis
378 3188 495 3268 diebus,
518 3190 548 3255 in
565 3190 678 3274 quibus
693 3191 850 3275 praelatas
869 3189 983 3257 blissas
999 3191 1151 3258 Rubricae
1170 3191 1307 3258 ldissnlis
1324 3190 1466 3270 Romani,

226 3292 273 3358 rel
294 3291 326 3359 S.
351 3293 386 3360 R.
408 3293 443 3361 c.
467 3293 592 3360 decreta
614 3294 789 3378 probibent.

327 3396 425 3482 Super
454 3398 565 3481 quibus
595 3398 737 3464 omnibus
766 3397 851 3466 lecta
881 3400 1077 3484 postmodum
1108 3399 1311 3466 Sanctissimo
1336 3399 1466 3466 manino

224 3499 339 3566 Nostro
362 3501 463 3567 Leoni
486 3501 596 3584 Papae
621 3499 724 3571 XIII.
756 3521 810 3587 per
838 3524 887 3570 mo
914 3504 1122 3589 subscriptum
1145 3503 1342 3571 cardinalem
1367 3506 1463 3570 Prae·

225 3604 338 3669 lectum
361 3604 528 3682 relatione,
555 3606 712 3672 Sanctitas
734 3607 796 3674 Sua
819 3609 1007 3674 sententiam
1030 3609 1168 3674 eiusdem
1191 3607 1302 3676 Sacrae
1326 3609 1463 3694 Congre-

223 3707 358 3792 gutionis
380 3712 479 3774 ratam
501 3709 611 3777 babuit
632 3714 664 3776 et
687 3711 894 3790 confirmavit,
918 3712 1067 3796 rescripte
1082 3731 1137 3778 eon
1151 3713 1285 3795 decreto,
1308 3716 1375 3779 tum
1394 3732 1467 3796 par·

223 3810 366 3881 ticularia
387 3815 455 3879 tum
471 3815 566 3880 etiam
581 3816 750 3899 generalia,
773 3815 805 3880 in
821 3818 1010 3882 contrarium
1024 3816 1179 3897 facientis,
1201 3837 1344 3902 suprema
1358 3821 1465 3884 aucto-

222 3914 317 3984 ritate
338 3936 395 3983 sua
419 3920 540 4002 penitus
562 3918 747 4004 abrogando.

328 4021 384 4088 llic
407 4021 436 4090 9.
462 4023 574 4089 mensis
599 4023 778 4092 Decembris
800 4043 881 4092 anno
908 4027 1000 4093 l895.

595 4127 705 4210 escas.
728 4127 820 4198 caro.
844 4131 952 4200 som
968 4133 1121 4213 umora,
1143 4134 1174 4203 s,
1196 4135 1234 4202 a.
1259 4135 1292 4205 c.
1318 4136 1419 4206 reor.

686 4233 832 4302 sorores
857 4237 996 4320 nappe,
1018 4237 1049 4304 s.
1073 4238 1110 4304 a.
1134 4239 1167 4306 c.
1189 4239 1305 4308 aereo.
