3275 4917
484 282 563 340 Pars
583 282 736 341 sccundus
757 282 801 339 Dc
820 284 1035 340 scoecmcalia.
1318 260 1383 327 435

17 486 23 521 r
143 458 245 534 rocbi,
281 456 429 541 operarii,
470 456 736 522 administratores
770 455 926 522 redituum
963 454 1000 519 ad
1034 452 1197 531 ecclesias,
1237 452 1383 531 oratoria,

17 592 22 633 ι
142 562 411 628 confraternitates
426 562 482 627 aut
497 559 564 626 looa
579 561 630 645 pia
646 560 863 645 spectantium,
888 558 1043 642 ceterique
1057 576 1163 623 ornnes
1178 556 1229 639 qui
1246 556 1383 640 aliquam

144 685 269 732 onerum
293 666 405 749 quibus
420 684 479 731 non
495 665 619 743 satisfit,
644 665 788 730 notitiam
806 663 932 740 habeut,
954 663 1013 728 hac
1030 661 1067 726 de
1084 666 1116 726 re
1131 660 1276 726 certiores
1289 680 1382 743 qnam

17 784 18 787 ’
144 771 276 854 primum
300 770 365 836 Nos
389 769 488 835 facere
511 772 684 848 teneantur,
716 769 863 835 mcnroria
886 766 1127 851 complectentes
1149 764 1241 830 aliter
1265 765 1383 848 peccati

145 874 237 939 alieni
253 874 429 958 participes
453 892 518 940 ease
541 874 572 939 et
596 892 699 939 coram
721 890 864 956 supremo
895 871 996 937 indice
1018 870 1142 936 Christo
1168 868 1296 935 Domino
1318 869 1382 933 suf·

17 1012 20 1051 ς
144 978 312 1062 fragiorum
335 979 445 1061 quibus
465 978 679 1043 detunctorum
702 978 825 1043 animae
847 996 927 1060 quae
949 974 1126 1058 Purgatorii
1147 976 1218 1059 igne
1238 975 1384 1056 torquen-

145 1084 212 1161 tur,
243 1084 474 1160 dcstituantur,
505 1085 657 1147 rationem
680 1082 864 1147 reddituros.
910 1080 958 1145 Na
980 1081 1049 1163 quis
1070 1097 1139 1144 raro
1161 1079 1194 1144 iu
1216 1078 1383 1143 Missurum

145 1186 287 1251 oneribus
317 1186 522 1269 adimplendis
553 1186 681 1269 posthac
704 1185 866 1270 negligens
888 1186 947 1262 sit,
981 1184 1066 1250 iutra
1098 1185 1162 1249 tras
1196 1201 1316 1247 mansas
1346 1183 1385 1246 ab

147 1288 272 1355 huiusce
304 1293 425 1357 nostrae
456 1290 570 1375 Synodi
602 1290 848 1375 promulgatione
879 1289 968 1374 pleno
999 1287 1174 1353 satisfaciat
1199 1288 1257 1352 sub
1289 1304 1386 1369 poena

145 1394 435 1478 pignoriscapionia,
470 1395 562 1479 uulgo
590 1401 763 1479 sequestro,
795 1395 951 1460 fruetuum
984 1393 1130 1458 bonorum
1162 1410 1241 1475 quae
1264 1390 1312 1457 vel
1334 1409 1384 1455 as-

145 1498 270 1583 signata
296 1499 343 1565 nel
375 1500 564 1585 hypothecae
593 1499 668 1565 data
699 1497 875 1564 huiusmodi
907 1496 1151 1582 obligationibus
1183 1498 1295 1571 erunt;
1325 1513 1386 1578 qua

146 1622 242 1686 poena
275 1604 452 1687 plectendos
485 1623 552 1671 esse
585 1602 753 1670 statuimus
787 1603 858 1668 illos
891 1602 985 1668 etiarn
1017 1602 1070 1685 qni
1097 1602 1168 1684 post
1194 1602 1384 1682 praesentem

144 1706 299 1792 synodum
325 1708 355 1771 in
380 1713 533 1791 posterum
558 1727 611 1791 par
634 1708 708 1774 duos
732 1726 852 1775 manses
874 1706 1119 1772 satisfactionem
1137 1704 1267 1769 alicuius
1284 1702 1386 1768 oncris

146 1811 342 1894 culpabiliter
365 1812 545 1878 distulerint
559 1812 593 1898 ¹).

249 1924 299 1991 29.
327 1927 503 2010 Antequam
529 1945 598 1990 vero
622 1926 680 1991 boc
699 1924 895 1992 absolvamus
916 1925 1023 2007 caput,
1046 1942 1105 1989 non
1128 1940 1289 2004 muninus
1311 1920 1384 2003 quin

147 2028 294 2111 parochos
315 2030 548 2095 exstimulemus
572 2033 607 2095 ut
626 2031 828 2113 explanantes
850 2027 999 2095 sacrificii
1016 2026 1054 2092 da
1069 2046 1129 2110 quo
1144 2025 1275 2108 egimus,
1298 2044 1383 2107 prae·

17 2212 18 2217 ¹
146 2133 294 2199 stantiam
317 2134 544 2219 uberrimosque
567 2135 619 2218 qui
635 2136 673 2200 ab
690 2155 725 2200 eo
743 2133 906 2199 dimanant
921 2133 1048 2209 fructus,
1068 2130 1175 2196 fideles
1190 2131 1386 2195 uehementer

17 2242 18 2245 ’
147 2237 308 2304 hortentur
331 2241 366 2303 ut
387 2238 486 2303 eidem
510 2238 666 2305 Sacrificio
689 2238 793 2304 crebro
814 2241 846 2303 et
869 2238 1003 2303 maxima
1026 2236 1175 2301 assistant
1195 2235 1320 2317 pietate.

414 2428 493 2513 (lap.
524 2430 578 2497 VI.
615 2429 665 2497 De
686 2435 883 2497 suanacas
901 2429 1119 2511 pmmnciuc

254 2587 281 2651 l.
321 2584 465 2651 Humana
496 2589 608 2652 natura
629 2588 718 2651 tanta
738 2584 859 2650 laborat
883 2582 1079 2660 infirmitate,
1111 2586 1147 2648 ut
1170 2582 1306 2667 plerique
1330 2582 1384 2646 ho·

149 2688 265 2753 minum
290 2690 444 2755 iustitiam
474 2708 527 2773 per
560 2690 751 2773 Baptismum
781 2692 939 2773 acceptam
964 2708 1022 2753 non
1047 2685 1221 2752 custodiant
1244 2705 1301 2751 nec
1322 2704 1386 2750 ser·

148 2796 235 2874 vent;
257 2792 384 2877 ideoque
407 2794 444 2859 de
467 2814 570 2859 eorum
595 2795 694 2859 salute
717 2794 841 2860 omniuo
863 2792 1085 2876 desperandum
1110 2795 1201 2865 esset,
1222 2790 1248 2854 si
1266 2789 1385 2854 nulluru

146 2900 265 2961 extaret
286 2898 456 2963 remedium
480 2918 538 2982 qno
562 2899 701 2963 eamdem
727 2899 852 2980 possent
875 2916 1016 2979 reparare
1039 2896 1203 2971 iustitiam,
1227 2898 1259 2957 et
1281 2894 1312 2957 in
1336 2913 1386 2958 sa-

146 3000 222 3063 lutis
243 3001 323 3065 viam
349 3002 479 3085 regredi.
511 3002 663 3085 Quoniam
687 3003 790 3066 alitem
818 3002 900 3065 Deus
917 3000 1002 3065 diues
1018 2999 1066 3064 est
1082 2999 1114 3063 in
1133 2997 1386 3081 misericordia2),

146 3106 178 3168 et
202 3106 360 3189 cognoscit
381 3106 562 3190 figmentum
587 3106 771 3189 nostrum⁸),
794 3106 859 3169 illis
882 3105 933 3187 qui
956 3121 1022 3168 sese
1043 3105 1110 3186 post
1135 3102 1329 3185 Baptismum
1353 3103 1386 3165 in

147 3209 265 3293 peccati
293 3210 473 3275 servitutem
505 3214 537 3275 et
564 3210 720 3275 daemonis
752 3212 937 3292 potestatem
968 3207 1186 3285 tradiderunt,
1218 3205 1391 3271 remedium

147 3315 347 3397 compararit,
371 3318 597 3379 sacramentum
618 3314 761 3381 videlicet
782 3312 1012 3391 Paenitentiae,
1035 3314 1195 3395 tamquam
1220 3310 1385 3375 secundam

147 3422 217 3502 post
240 3419 435 3503 naufragium
457 3419 594 3484 tabulam
608 3421 644 3503 ⁴).

251 3532 281 3596 2.
307 3532 414 3615 ltaque
431 3532 604 3597 animarum
620 3534 788 3607 curatores,
811 3530 1038 3596 concionatores
1054 3531 1087 3594 et
1103 3527 1280 3594 confessarii
1298 3546 1388 3611 saepe

147 3634 269 3716 saepius
293 3634 434 3700 fidelibus
454 3639 605 3719 exponant
628 3636 851 3719 praestantiam
881 3638 913 3699 et
936 3634 1055 3699 fructus
1085 3632 1307 3716 poeniteutiae,
1339 3651 1388 3697 ra·

147 3738 261 3803 tionem
286 3740 490 3805 conscientiae
513 3741 706 3819 scrutandae,
730 3739 841 3823 quibus
858 3738 1003 3804 subsidiis
1018 3757 1051 3803 sa
1066 3738 1105 3802 ad
1122 3737 1388 3820 supernaturalem

148 3842 242 3907 animi
264 3843 397 3909 dolorem
421 3848 452 3909 et
476 3847 665 3928 propositum
687 3844 769 3908 vitae
792 3845 825 3907 in
846 3843 958 3907 melius
985 3842 1152 3907 mutandae
1173 3843 1308 3905 excitare
1332 3859 1386 3905 va·

148 3946 243 4026 leant,
267 3952 298 4013 ct
320 3947 470 4034 quomodo
493 3950 646 4031 integram
671 3950 884 4031 peccatorum,
909 3948 1020 4013 saltem
1044 3945 1241 4024 mortalium,
1267 3944 1388 4011 confes·

148 4052 263 4117 sionem
288 4052 433 4136 perlicere
453 4053 582 4136 possint.
615 4051 744 4118 llosdem
762 4050 869 4116 fideles
883 4051 1009 4134 iusuper
1024 4051 1187 4115 humantur
1204 4052 1249 4129 ut,
1266 4048 1387 4114 etiarnsi

148 4173 207 4220 non
230 4156 294 4222 sint
315 4156 374 4222 sibi
397 4156 509 4221 conscii
532 4157 651 4240 peccati
674 4156 831 4235 mortalis,
862 4155 901 4220 ad
925 4155 1138 4220 Paenitentias
1160 4156 1387 4219 sacramentum

148 4258 324 4342 frequenter
345 4261 517 4336 accedaut;
554 4262 612 4326 hac
640 4261 722 4325 enim
756 4259 929 4344 frequentia
959 4261 991 4323 et
1022 4260 1144 4343 gratiae
1166 4257 1390 4324 sanctificantis

252 4468 277 4537 l)
306 4468 406 4539 smodi
432 4470 576 4527 Pistoriau.
604 4472 632 4524 at
657 4469 766 4525 Pratan.
789 4466 943 4523 Columbini
970 4466 1070 4532 Bassii,
1096 4483 1153 4535 par.
1171 4467 1197 4531 1,
1226 4467 1270 4522 tit
1289 4468 1329 4522 13.
1355 4494 1387 4507 -

146 4553 174 4623 2)
193 4554 363 4623 llph.11,l.
385 4584 419 4597 -
440 4556 468 4623 3)
486 4556 529 4611 Ps.
548 4556 612 4621 Cll,
632 4556 673 4611 la
693 4585 725 4596 -
743 4555 771 4624 4)
790 4554 853 4611 vid.
872 4553 1034 4611 Cataobisnu.
1053 4552 1166 4610 concilii
1188 4553 1261 4608 l'rid.
1279 4570 1337 4622 cap.
1356 4552 1387 4608 V.

147 4640 187 4697 De
207 4641 310 4697 Posuit.
332 4648 435 4712 quaeat.
457 4644 479 4697 l.
