3275 4917
348 310 409 366 har.
427 315 527 380 oport.
544 312 614 366 d.d.
634 310 678 366 10.
698 311 764 367 Jrrl.
781 311 859 366 1895
877 314 919 366 cd
938 312 1108 382 Eplecmror
1126 313 1236 386 Belplt.
1355 297 1419 364 213

174 485 313 568 oporteat
334 482 549 549 laborantibus
571 483 662 548 rebus
684 481 809 550 mederi.
856 484 920 550 Nos
942 486 1066 560 autem,
1099 487 1134 550 ut
1162 486 1254 568 probe
1278 488 1418 552 norimus

173 607 233 672 quo
255 587 359 654 studio
381 587 581 653 exardescitis
602 589 812 653 restituendae
832 588 1063 672 firmandaeque
1082 589 1271 664 concordiae,
1293 610 1346 656 ros
1365 610 1417 674 po·

172 693 329 759 tissimum
359 691 398 756 ad
428 692 486 758 boc
516 692 709 775 appellamus
740 692 894 767 cilicium,
925 695 989 758 tam
1020 693 1186 777 gloriosum
1217 695 1358 778 episcopo
1386 699 1418 760 et

173 799 334 862 sanctum:
356 797 444 862 cuins
466 794 592 879 quidem
614 798 776 862 certiorem
798 799 942 862 eventurn
966 798 1013 862 rel
1039 798 1105 881 ipsa
1119 798 1230 864 suadet
1245 799 1418 864 reverentia

174 901 278 984 ampla
314 919 394 984 quae
436 899 585 984 dignitati
623 902 745 966 restrae
782 901 950 984 virtutique
988 902 1059 966 istic
1098 905 1208 967 merito
1242 903 1417 972 adhibetur.

174 1005 379 1088 Quamobrem
405 1003 482 1068 illud
508 1003 628 1069 ridetur
650 1004 801 1088 optimum
826 1005 920 1081 lactu,
946 1006 1091 1089 vobisque
1115 1007 1311 1073 uehementer
1333 1027 1415 1074 eorn-

173 1109 352 1174 mendatum
377 1109 535 1184 volomus,
559 1112 594 1172 ιιι
620 1108 713 1174 simul
736 1109 766 1172 in
787 1109 1051 1192 congressionem,
1076 1111 1327 1194 quamproxime
1351 1111 1417 1176 lieri

172 1214 281 1297 possit,
300 1212 498 1278 conveniatis.
544 1212 580 1277 lu
603 1231 650 1289 ea,
674 1213 910 1278 communicatis
933 1214 1015 1279 iuter
1041 1233 1091 1278 vos
1113 1215 1287 1294 sententiis,
1310 1215 1419 1282 licebit

173 1336 315 1395 causam,
345 1320 464 1401 quanta
487 1319 548 1394 est,
583 1317 771 1400 exploratius
792 1317 973 1402 pleniusque
993 1337 1190 1402 cognoscere,
1222 1337 1259 1385 ae
1289 1321 1418 1385 meliora

173 1423 212 1487 ad
235 1421 474 1505 componendam
497 1420 654 1504 praesidia
676 1420 858 1486 deliberare.
883 1459 924 1469 -
949 1423 1034 1488 Haec
1056 1422 1138 1488 enirn
1163 1441 1257 1489 causa
1277 1442 1333 1488 non
1355 1443 1416 1490 uno

172 1545 205 1592 se
229 1526 319 1591 modo
340 1529 424 1591 recte
445 1525 713 1591 considerantibus
734 1527 871 1609 praebet.
921 1526 1047 1592 Attinet
1069 1546 1105 1592 ea
1128 1527 1252 1610 quidem
1275 1527 1313 1591 ad
1338 1529 1417 1594 bona

172 1633 315 1709 externa,
337 1629 391 1694 sed
415 1628 454 1694 ad
477 1629 657 1713 religionem
681 1647 840 1713 moresque
862 1631 893 1694 in
918 1631 1025 1712 primis
1048 1632 1179 1708 attinet,
1204 1635 1297 1715 atque
1320 1633 1415 1698 etiam

171 1753 241 1800 oum
262 1734 347 1800 cirili
368 1734 472 1817 legum
496 1733 661 1817 disciplina
682 1738 791 1816 sponte
813 1734 995 1818 copulatur;
1021 1738 1057 1800 ut
1079 1736 1210 1819 denique
1230 1737 1268 1800 ad
1294 1737 1361 1802 iura
1384 1740 1416 1802 et

171 1839 273 1905 officia
295 1839 431 1904 omnium
454 1838 597 1904 ordinum
620 1837 685 1903 late
708 1839 870 1920 pertineat.
907 1839 1093 1922 lirangclica
1117 1859 1205 1922 porro
1229 1839 1368 1906 iustitiae
1383 1844 1416 1906 et

170 1945 313 2010 caritatis
336 1942 487 2027 principia
509 1961 527 2007 a
547 1942 645 2008 Nobis
667 1947 828 2019 reuocata,
855 1963 950 2026 quum
982 1943 1020 2009 ad
1053 1963 1116 2008 reru
1140 1944 1239 2028 ipsam
1264 1963 1415 2030 usumque

170 2048 252 2114 ritae
275 2047 512 2125 transferuntur,
536 2047 725 2129 multiplices
748 2048 938 2129 privatorum
961 2049 1096 2114 rationes
1118 2050 1273 2131 attingere
1293 2067 1414 2115 necesse

170 2156 227 2218 ast.
266 2151 337 2217 Huc
359 2151 512 2217 accedunt
532 2150 686 2234 quaedam
707 2151 787 2234 apud
811 2151 924 2235 Belgas
946 2170 1073 2234 operum
1096 2154 1130 2218 et
1155 2153 1336 2230 industriae,
1361 2154 1414 2218 do·

172 2257 323 2322 minoium
346 2257 379 2320 et
400 2255 556 2338 opiticum,
579 2255 701 2320 omuino
725 2256 865 2339 propriae
888 2257 1091 2323 conditiones.

274 2361 353 2425 Sunt
374 2362 435 2424 ista
453 2359 559 2444 magui
582 2363 666 2424 corte
688 2361 836 2425 momenti
860 2360 1050 2444 consiliique,
1074 2361 1240 2444 inquibus
1265 2361 1412 2426 iudicium

172 2465 310 2530 elaboret
328 2483 364 2530 aa
387 2464 553 2548 diligentia
576 2467 689 2542 restra,
712 2461 909 2530 venerabiles
933 2465 1066 2542 l'ratros,
1089 2484 1185 2550 neque
1210 2485 1280 2530 vero
1297 2465 1413 2532 Nostro

172 2567 277 2633 deesse
296 2569 380 2634 robis
402 2567 530 2634 consilia
550 2569 580 2633 in
604 2588 637 2634 re
659 2569 812 2651 praesenti
836 2571 982 2634 sinemus.
1008 2569 1118 2634 -lta
1143 2570 1247 2648 vobis,
1269 2589 1413 2654 congres-

170 2673 255 2738 sione
276 2677 417 2756 peractu,
452 2673 554 2738 minus
585 2691 746 2756 operosum
780 2674 841 2739 erit
872 2676 966 2758 atque
997 2675 1058 2740 erit
1089 2676 1207 2752 tutius,
1243 2675 1274 2738 in
1313 2677 1413 2740 restra

168 2796 321 2862 quemque
350 2778 481 2843 dioecesi
512 2777 648 2844 remedia
678 2780 711 2844 et
731 2781 977 2860 temperamenta
1001 2799 1053 2862 pro
1078 2779 1254 2844 bominibus
1277 2780 1413 2861 locisque

168 2886 339 2965 opportuna
359 2882 531 2949 decernere.
576 2882 662 2965 Quae
686 2883 792 2947 tamen
820 2882 887 2965 ipsa
917 2884 961 2948 sio
992 2903 1011 2948 e
1040 2885 1125 2952 robis
1153 2883 1261 2967 dirigi,
1293 2883 1412 2948 uiribus

168 2985 285 3051 idoneis
308 2986 546 3063 adinventibus,
578 2987 749 3069 oportebit,
779 2988 814 3050 ut
836 3005 870 3050 eo
892 2986 1025 3070 amplius
1048 2989 1172 3052 valeant
1195 2988 1277 3052 iuter
1300 2989 1408 3052 catho-

168 3091 244 3156 licos
266 3093 365 3157 totius
390 3091 526 3156 nationis
554 3090 777 3166 communiter;
808 3093 843 3154 ut
873 3090 1028 3168 uidelicet,
1060 3091 1284 3158 catholicorum
1318 3092 1411 3170 actio,

169 3195 277 3261 iisdem
302 3193 439 3278 prolecta
457 3195 572 3272 initiis,
603 3193 774 3277 iisdemque
797 3193 873 3272 riis,
905 3194 1004 3277 quoad
1032 3193 1097 3260 lieri
1121 3195 1234 3277 possit,
1268 3194 1411 3272 deducta,

168 3300 338 3382 explicetur
360 3300 473 3384 ubique
496 3287 590 3376 una,
606 3301 827 3382 proptereaque
850 3301 882 3364 et
905 3298 1067 3364 honestate
1091 3301 1227 3381 praestet
1249 3300 1282 3363 et
1304 3298 1411 3364 robore

169 3401 273 3486 rigeat
295 3407 328 3470 et
348 3405 457 3470 solidis
479 3404 631 3470 redundet
653 3403 855 3469 utilitatibus.
885 3404 1087 3488 Nequaquam
1107 3422 1177 3468 sero
1195 3403 1225 3467 id
1242 3403 1410 3469 secundum

167 3513 240 3572 rota
261 3507 325 3585 liet,
348 3508 407 3574 nisi
430 3507 585 3586 catholici,
608 3508 689 3590 quod
713 3507 918 3592 maximopere
941 3507 1150 3586 inculcamus,
1177 3508 1306 3591 propriis
1329 3507 1410 3590 ipso·

166 3629 235 3678 rum
256 3612 451 3694 opinionibus
473 3611 645 3695 studiisque
668 3612 864 3695 posthabitis,
885 3632 921 3677 ea
944 3611 1090 3677 studeant
1109 3611 1197 3678 unice
1214 3611 1410 3694 impenseque

167 3714 265 3781 velint
283 3735 494 3800 quaecumque
515 3715 617 3781 verius
640 3715 679 3781 ad
702 3735 863 3781 commune
895 3714 1005 3780 bonum
1037 3714 1205 3780 conducere
1236 3715 1410 3781 rideantur.

169 3819 235 3884 Hoc
256 3824 322 3896 est,
352 3819 474 3886 allicere
497 3823 534 3886 ιιι
553 3821 664 3905 religio
687 3820 801 3885 bonore
822 3819 989 3902 praecellat
1012 3837 1085 3897 sue,
1115 3819 1324 3902 virtutemque
1348 3818 1407 3882 dil·

166 3922 278 3990 fundat
299 3923 441 4002 insitam,
464 3925 509 3990 roi
532 3944 652 4009 quoque
674 3922 774 4001 cirili,
799 3924 1004 4000 domesticae,
1035 3924 1249 3989 oeconomicae
1281 3921 1409 3986 mirifice

166 4027 356 4095 salntmem:
380 4031 416 4094 ut
434 4028 467 4094 iu
485 4029 682 4096 auctoritatis
706 4027 848 4112 publicae
872 4027 1097 4112 libertatisque,
1121 4027 1290 4093 christiano
1314 4045 1409 4104 more,

165 4132 389 4209 conciliatione,
412 4138 476 4199 stet
497 4132 651 4198 incolume
673 4152 693 4198 a
714 4132 868 4198 seditione
890 4151 1018 4216 regnum
1043 4151 1079 4197 ac
1094 4130 1324 4213 tranquillitate
1342 4149 1408 4196 mu·

166 4236 286 4304 nitunr:
310 4243 346 4303 ιιι
368 4238 448 4304 bona
470 4238 608 4302 civitatis
629 4238 783 4314 instituta,
808 4237 941 4302 maxime
956 4235 1199 4302 adolescentium
1217 4235 1351 4311 scholae,
1376 4235 1408 4300 in

165 4342 276 4406 melius
304 4343 528 4424 provehentem
562 4341 733 4424 meliusque
766 4341 808 4406 sit
838 4342 1029 4406 commerciis
1058 4345 1152 4423 atque
1182 4339 1320 4420 artibus,
1352 4358 1408 4422 ope

165 4446 345 4527 praesertim
375 4447 576 4525 societatum,
609 4465 688 4530 quae
717 4445 798 4528 apud
831 4464 883 4510 vos
914 4448 1113 4510 numerentur
1145 4445 1229 4510 rario
1253 4443 1408 4528 proposito

164 4549 302 4628 multae,
331 4568 470 4633 quaeque
499 4555 674 4634 augeantur
694 4549 831 4634 optabile
852 4552 918 4629 est,
948 4548 1037 4616 modo
1061 4548 1208 4631 religione
1228 4547 1352 4631 auspice
1375 4549 1408 4612 et

165 4653 305 4720 fautrice.
354 4653 462 4738 Neque
495 4654 572 4720 illud
606 4659 654 4720 est
685 4654 849 4734 ultimum,
881 4653 1002 4720 efficere
1034 4654 1068 4718 ιιι
1098 4671 1160 4737 qua
1193 4653 1283 4736 plane
1319 4651 1407 4717 decet
