3275 4917
282 306 310 366 s.
330 303 389 366 nes
410 309 520 381 coepe
538 311 567 366 4.
585 301 678 366 tono
698 304 774 366 raes
791 310 893 366 amm
910 305 1090 366 ebencres
1106 323 1303 367 mmm.
1356 288 1420 359 299

175 485 221 551 sio
242 501 381 569 expresse
403 481 547 567 prohibet
568 500 606 548 ne
629 481 662 547 bi
684 481 787 548 elerici
810 481 872 546 alio
893 480 988 546 titulo
1008 480 1207 550 ordinentur:
1229 501 1323 568 equa
1339 483 1420 550 tlon·

174 587 340 656 stitutione
361 587 544 672 desumptus
566 587 615 653 eet
641 586 792 652 artienlus
823 604 918 671 snpra
937 584 1045 653 nitatis
1069 585 1181 652 Bnllae
1204 588 1421 672 »apostolieae

175 691 338 862 Sobthis
359 813 434 880 ergo
457 813 494 861 ex
514 796 645 879 utraque
669 796 756 880 parte
776 794 911 876 libratis,
934 794 1207 862 Eminentissimns
1223 795 1336 862 Orator
1350 815 1421 882 pro·

174 902 261 988 pouit
284 899 547 968 Eminentiseimis
571 899 716 966 Patribus
736 898 813 966 baee
831 899 928 966 dubia
949 898 1149 967 dirimendas

277 1006 303 1075 1.
341 1004 450 1070 Utrum
486 1022 565 1069 nuno
599 1007 669 1088 poet
702 1003 860 1070 decretum
901 1003 1049 1070 »bootis«
1090 1002 1241 1070 Instituta
1279 1008 1419 1091 sotorum

33 1103 43 1120 ⁸
173 1110 363 1194 simplioinm
387 1108 483 1175 libere
504 1109 631 1194 possint,
655 1107 722 1174 sine
745 1107 871 1174 Indulto
893 1107 1041 1192 speciali,
1064 1108 1200 1174 alumnis
1223 1108 1289 1175 onis
1311 1109 1419 1177 dimis-

175 1213 300 1281 soriales
322 1214 446 1280 litteras
469 1214 508 1279 ad
528 1213 651 1279 ordines
674 1212 864 1280 concederet

277 1317 319 1385 ll.
355 1318 514 1400 Quatenus
536 1317 741 1384 affirmative:
769 1320 873 1383 utrum
898 1317 974 1384 baec
995 1316 1110 1384 denisio
1139 1316 1355 1403 restringenda
1376 1318 1418 1384 sit

173 1421 213 1487 ad
237 1423 387 1488 Instituta
411 1424 552 1489 uotorum
574 1421 763 1506 simplicium
785 1419 849 1488 aS.
864 1421 943 1488 Sede
959 1421 1138 1506 approbata,
1163 1422 1210 1488 vel
1234 1422 1419 1506 applicanda

173 1526 267 1592 etiam
290 1527 329 1592 ad
351 1526 503 1594 Instituta
525 1530 665 1593 uotorum
688 1526 875 1612 simplicium
898 1526 964 1591 sola
986 1525 1151 1611 episoopali
1174 1525 1361 1614 auotorilate
1385 1529 1417 1592 et

174 1630 393 1716 approbatione
417 1632 562 1697 munitat

278 1734 338 1803 Ill.
362 1735 474 1802 Utrum
495 1755 576 1802 nuno
592 1736 662 1820 post
676 1734 834 1800 deoretum
853 1734 1000 1800 ›luetis‹
1019 1735 1169 1801 Instituta
1185 1735 1325 1800 sotorum
1342 1734 1417 1800 sim·

174 1837 300 1924 plinium
325 1839 419 1906 libere
442 1840 570 1924 possint,
592 1840 658 1906 sine
677 1837 803 1904 Indnlto
826 1838 963 1923 speciali,
986 1837 1127 1929 alumnos
1149 1857 1221 1904 suos
1240 1857 1417 1923 promouere

174 1941 213 2008 ad
236 1942 374 2009 ordinem
397 1962 519 2010 eaerum
542 1943 636 2009 titolo
660 1961 782 2009 mensae
803 1942 974 2009 eommunis
999 1942 1046 2007 vol
1067 1942 1127 2008 alio
1146 1941 1271 2010 simili?

211 2055 212 2058 ’
280 2049 316 2114 1η
341 2047 452 2131 Gongr.
477 2049 507 2114 9.
532 2047 689 2114 Februarii
715 2047 815 2126 1894,
839 2046 870 2116 S.
893 2046 926 2113 0.
950 2048 1072 2113 mature
1095 2047 1251 2131 perpensis
1273 2047 1416 2113 omnibus

174 2153 339 2238 propositis
359 2152 463 2218 dubiis
482 2151 603 2220 sensuit
625 2151 856 2218 rescribendum
880 2153 970 2236 proni
993 2151 1166 2236 rasoripeitz

332 2256 379 2323 Ad
404 2257 428 2323 l.
452 2257 613 2343 Nepotioe.

331 2360 379 2427 Ad
402 2361 446 2426 ΙΙ.
469 2360 639 2430 Provisum
660 2363 695 2428 ia
710 2362 831 2444 primo.

331 2466 380 2530 Ad
399 2465 458 2531 ΙΙΙ.
483 2466 644 2550 Nepotioe.

279 2577 394 2642 Datum
425 2577 557 2656 Romae,
587 2596 623 2644 ax
649 2575 824 2645 Seoretaria
844 2576 877 2646 S.
899 2577 934 2646 G.
958 2577 1013 2662 llp.
1036 2579 1069 2644 et
1092 2578 1181 2663 Bag..
1204 2577 1255 2644 die
1279 2578 1329 2646 12.
1354 2578 1412 2643 lie·

174 2681 289 2748 ornam
311 2680 406 2749 reso.

843 2769 869 2834 1.
892 2768 982 2834 oser.
1015 2769 1124 2852 repa,
1148 2769 1247 2836 naor.

756 2874 798 2942 Α.
825 2874 1008 2949 liomtdto,
1034 2871 1309 2939 Pro-Seoretarins.

199 3052 230 3115 3.
263 3046 359 3115 Deor.
382 3045 415 3113 S.
440 3045 508 3112 Ro.
535 3046 684 3129 Oonprep.
709 3043 783 3112 dd.
806 3049 837 3112 4.
856 3045 955 3112 «lanii
978 3048 1063 3111 1895
1085 3044 1185 3111 leons
1206 3045 1384 3113 elaotrtoom

692 3168 888 3216 mecaenas.

277 3289 413 3356 ARmis
436 3289 572 3355 lonorum
594 3287 767 3355 Ordiuariis
793 3306 853 3353 uon
886 3287 981 3353 semel
1010 3286 1174 3372 postremis
1206 3286 1292 3353 hisee
1323 3288 1413 3354 anuis

170 3394 356 3480 exquisitum
382 3395 451 3472 init,
476 3396 582 3460 utrum
605 3392 636 3458 in
660 3392 806 3458 lloolesiis
829 3391 1102 3458 adhiberelioeret
1119 3391 1221 3457 lunam
1237 3391 1413 3458 electrinam

170 3501 234 3565 mm
258 3499 297 3564 ad
319 3497 512 3582 dissipandae
527 3497 681 3575 mustias,
704 3515 797 3581 quam
815 3497 855 3562 ad
872 3514 1014 3580 pompam
1029 3495 1211 3561 exteriorem
1227 3495 1413 3580 sugendam.

170 3603 276 3686 Nuper
300 3619 369 3668 rero
392 3601 554 3668 Sacrorum
573 3601 701 3668 Rituum
717 3600 959 3686 congregationi
974 3600 1164 3686 propositum
1181 3599 1242 3666 init
1256 3599 1414 3668 Dubium:

174 3705 303 3772 »Utrum
327 3706 379 3770 lux
402 3705 546 3773 elaotriea
574 3705 715 3772 adhiberi
748 3706 845 3790 possit
867 3705 900 3770 in
922 3704 1069 3771 lleolesiis
1077 3706 1111 3770 1³«
1143 3741 1188 3754 -
1218 3704 1321 3787 Quare
1344 3703 1414 3770 dmi

172 3811 280 3876 Patres
302 3809 405 3876 Sacris
425 3810 549 3877 tuendis
572 3810 696 3877 Ritibns
724 3810 892 3895 praepositi
921 3809 953 3875 iu
980 3808 1154 3877 Ordinariis
1184 3808 1344 3888 Comitiis,
1373 3809 1413 3874 ad

172 3915 356 3982 Vaticanum
380 3914 579 3998 infrascripta
606 3914 655 3980 die
687 3913 819 3992 habitis,
851 3913 1083 3981 rescribendum
1109 3915 1315 3980 eonsueruut:
1345 3912 1413 3977 »Ad

169 4019 307 4097 nultum,
330 4019 495 4104 Negative.
543 4017 591 4084 lld
619 4017 816 4102 depellendas
844 4021 950 4084 autem
978 4019 1140 4096 tenebras,
1173 4016 1414 4100 boolesiastique

169 4123 359 4208 splendidius
381 4121 612 4202 illuminandas,
634 4121 848 4202 difirmativ03
873 4125 966 4189 oauto
980 4125 1085 4188 tanum
1101 4140 1139 4188 ne
1156 4120 1265 4187 modus
1279 4121 1412 4205 speeiem

168 4227 357 4311 praeseierst
377 4227 594 4294 theatralem«
635 4228 738 4312 Atque
760 4227 807 4294 ita
830 4227 1063 4312 rasoripserunt,
1087 4227 1120 4291 et
1142 4225 1258 4292 serrari
1281 4225 1412 4290 mando·

168 4333 244 4397 runt
264 4331 314 4397 die
335 4332 366 4398 4.
387 4331 476 4401 Junii
500 4331 595 4400 1895.

491 4444 558 4512 Oai.
582 4443 673 4516 Oerd.
695 4443 971 4524 Adnisi-Mosella,
994 4443 1026 4512 S.
1046 4443 1085 4512 R.
1109 4441 1142 4510 0.
1166 4442 1358 4510 Praefectus.

271 4547 320 4636 (L.
342 4549 364 4632 †
386 4547 430 4634 S.)
587 4550 733 4618 Aleision
757 4550 899 4637 rupem,
921 4550 953 4618 8.
976 4549 1013 4615 R.
1038 4547 1073 4616 (l.
1095 4547 1300 4615 Seoretarius.

1241 4754 1309 4822 20*
