3275 4917
489 276 568 340 Pura
586 277 739 340 emunda.-
761 280 804 340 lle
823 282 1041 340 racemate.
1327 260 1390 331 443

147 457 317 545 inungendi
339 458 433 533 auctr
455 456 482 521 si
505 457 609 522 autem
633 456 752 521 certum
775 454 828 532 eit,
851 454 930 520 nihil
955 455 1093 536 interest,
1117 474 1170 521 eos
1192 456 1328 522 noudum
1351 457 1391 523 ad

149 564 281 647 primam
305 559 556 628 Communiooem
579 559 731 626 admissos
758 558 872 637 luisse,
905 559 980 643 quia
1007 560 1046 625 ad
1080 559 1136 625 boc
1156 559 1392 627 Sacramentum

149 666 358 751 recipiendum
392 664 525 743 sufficit,
561 663 640 747 quod
671 663 832 730 extiterint
862 682 991 748 capaces
1022 663 1162 730 mortalis
1196 666 1391 749 perpetrandi

150 770 279 855 peccati.

253 875 283 942 8.
306 873 385 939 Item
410 891 498 939 secra
523 872 672 938 Unctions
695 871 854 937 muniendi
875 874 950 937 eunt
972 873 1122 950 amentes,
1143 870 1188 938 sit
1205 874 1261 939 aut
1275 872 1391 939 solum·

150 978 239 1044 modo
262 978 404 1054 delirent,
428 979 484 1042 aut
506 995 574 1043 eam
597 976 754 1060 petierint,
780 977 854 1043 dum
876 994 953 1042 sana
974 979 1197 1055 menteomni,
1219 979 1275 1041 aut
1289 977 1393 1043 lucida

152 1083 286 1149 habeant
307 1079 482 1160 intervalla,
504 1079 670 1146 dummodo
693 1081 808 1164 absque
832 1080 1033 1146 irreverentia
1054 1079 1247 1148 Sacramenti
1271 1081 1301 1146 id
1326 1082 1392 1149 lieri

150 1185 248 1270 poenit
261 1190 297 1267 ι).

254 1290 284 1355 9.
309 1288 463 1355 Ριιοιιιιι
483 1289 587 1354 autem
607 1288 729 1353 infirmo
751 1288 887 1372 compoti
909 1288 956 1354 eui
978 1286 1107 1355 suadere
1125 1289 1261 1371 studeat,
1284 1291 1320 1356 ιιι
1336 1290 1394 1357 hoc

150 1393 384 1459 Sacramentum
407 1392 551 1476 religiose
573 1394 739 1477 sancteque
761 1392 901 1476 recipiet,
923 1392 1116 1477 maximeque
1138 1412 1208 1459 eum
1231 1393 1270 1458 ad
1292 1394 1392 1459 cbari-

150 1498 226 1564 tatis
245 1500 278 1564 et
299 1496 493 1589 contritionis
516 1498 620 1576 actus,
652 1499 802 1580 quantum
827 1496 893 1562 lieri
916 1496 1046 1581 poterit,
1070 1496 1251 1575 excitaud03
1282 1498 1393 1565 collato

151 1604 254 1668 autem
278 1601 494 1678 Sacramento,
525 1619 594 1665 cum
617 1599 721 1665 eodem
747 1601 856 1666 recitet
878 1599 1059 1686 Symbolum
1081 1600 1297 1685 Apostolorum
1321 1602 1389 1667 elfi-

151 1707 291 1791 cialque,
315 1709 352 1771 ut
373 1704 529 1790 significet
550 1724 584 1771 ec
605 1704 697 1771 fidem
724 1704 756 1769 io
789 1723 825 1771 eo
845 1706 1023 1771 contentam
1042 1707 1148 1771 tenere
1168 1707 1261 1789 atque
1284 1705 1316 1770 io
1338 1705 1395 1772 illa

151 1828 328 1895 permanere
361 1808 439 1875 velle
468 1811 500 1874 et
531 1808 617 1875 mori.
670 1807 753 1889 Quos
783 1827 855 1875 rere
885 1812 960 1874 tunc
987 1809 1095 1873 adesse
1128 1808 1312 1894 contigerit,
1343 1829 1394 1877 eos
1458 1830 1462 1836 ⁴

151 1916 289 1992 moneat,
318 1915 354 1978 ut
382 1931 486 1997 preces
517 1911 556 1977 ad
588 1912 687 1979 Deum
715 1932 768 1996 pro
798 1912 906 1979 eodem
936 1913 1058 1978 infirmo
1081 1912 1250 1980 effundant.
1295 1912 1394 1996 Quem

150 2017 267 2103 plurim
291 2017 407 2096 visitet,
430 2016 604 2084 consoletur
626 2021 720 2100 atque
744 2017 884 2083 hortetur
908 2019 944 2083 ut
965 2017 1069 2082 omnia
1084 2017 1182 2083 morbi
1199 2018 1394 2083 incommoda

152 2140 249 2206 aequo
272 2122 351 2187 ierat
373 2120 485 2199 animo,
510 2123 542 2186 ct
565 2140 634 2187 cum
658 2120 804 2187 daemone
828 2120 997 2187 animosius
1018 2120 1156 2187 dimicet.
1191 2120 1267 2189 Oum
1289 2125 1394 2188 autem

152 2245 234 2292 mors
256 2225 428 2303 immineat,
454 2226 578 2309 peracta
597 2224 682 2291 iusta
700 2225 854 2291 Ecclesiae
870 2225 965 2291 ritum
981 2225 1104 2291 animae
1119 2226 1395 2304 commendatione,

151 2330 265 2397 iterum
296 2330 468 2413 itemmque
499 2328 655 2395 infirmum
679 2328 842 2396 benedicat
868 2330 1083 2414 absolvatque,
1113 2332 1150 2396 ut
1180 2348 1216 2395 ea
1244 2329 1303 2395 hac
1331 2330 1396 2395 rita

154 2433 269 2519 migret
290 2452 360 2499 cum
383 2434 472 2517 signo
496 2432 567 2498 tidei
589 2435 622 2499 et
643 2433 676 2499 in
699 2435 826 2499 aeterua
845 2433 1046 2499 tabernacula
1068 2432 1272 2518 ingrediatur.

256 2537 306 2604 lll.
342 2536 502 2603 tichomus
525 2540 631 2603 autem
657 2538 804 2622 parochos
835 2539 887 2616 ut,
916 2557 987 2604 cum
1016 2537 1181 2621 prudenter
1202 2537 1333 2616 timent,
1356 2557 1395 2604 ue

152 2644 297 2726 aegrotus
311 2640 491 2707 decessurus
504 2641 556 2719 sit,
572 2642 750 2726 priusquam
765 2660 873 2708 omnes
887 2642 1090 2709 absoluantur
1101 2642 1235 2727 quinque
1248 2661 1394 2709 sensuum

152 2746 328 2822 unctiones,
360 2745 484 2811 unicum
508 2744 663 2831 inungant
693 2764 836 2826 sensum,
866 2746 997 2812 lerneam
1028 2746 1232 2812 universalem
1262 2766 1395 2830 pronun·

152 2850 266 2918 tiendo.
310 2849 378 2933 Qua
406 2850 438 2914 in
468 2868 501 2916 re
531 2850 630 2916 satius
663 2853 711 2916 eet
736 2855 771 2915 ut
793 2851 876 2916 trous
899 2852 956 2916 eub
979 2849 1086 2916 eedem
1110 2850 1209 2916 forma
1230 2851 1396 2917 uniuersali

152 2954 330 3037 inungatur.
375 2952 504 3018 hosdem
526 2953 672 3037 parochos
702 2972 861 3019 monemus
883 2953 978 3019 ctiam
1004 2973 1022 3018 a
1049 2954 1154 3037 grauis
1176 2953 1285 3037 culpae
1307 2957 1395 3020 reatu

152 3076 210 3123 uon
234 3056 372 3122 excusari
396 3074 477 3136 euru,
500 3057 554 3141 qui
576 3058 663 3123 extra
693 3075 798 3123 casum
829 3076 919 3122 uerae
951 3058 1144 3124 necessitatis
1174 3057 1221 3123 rel
1244 3076 1337 3123 uuam
1360 3077 1396 3124 ex

153 3160 317 3227 ritualibus
340 3160 536 3227 unctionibus
559 3162 847 3249 praetermittat¹);
870 3162 929 3227 nisi
954 3164 1066 3246 agatur
1088 3161 1126 3227 de
1149 3161 1340 3241 mulieribus,
1365 3162 1395 3227 in

151 3266 263 3351 quibus
285 3284 392 3330 renum
414 3264 519 3330 unctio
538 3282 658 3349 semper
681 3265 855 3331 omittenda
875 3268 924 3332 est
935 3264 973 3351 ⁸).

258 3370 308 3435 11.
343 3368 483 3435 Durante
506 3368 614 3435 eadem
638 3368 838 3447 infirmitate,
869 3370 896 3434 si
933 3372 1001 3453 post
1028 3371 1204 3454 susceptam
1228 3372 1395 3435 extremam

153 3472 335 3540 Unctiouem
359 3474 483 3538 morbus
505 3471 550 3538 ita
574 3474 723 3552 remittat,
746 3478 782 3540 ut
804 3477 950 3555 aegrotus
971 3474 1079 3539 mortis
1094 3473 1264 3557 periculum
1283 3473 1398 3540 vitasse

153 3577 312 3655 rideatur,
348 3579 380 3643 et
412 3577 525 3642 itemm
555 3576 586 3641 iu
617 3578 699 3644 ritae
729 3577 896 3644 discrimen
927 3576 1104 3656 relabatur,
1136 3578 1252 3661 poterit
1281 3578 1397 3662 absque

151 3680 295 3765 scrupulo
315 3680 413 3747 denuo
435 3698 525 3747 sacra
544 3681 687 3748 unctione
710 3682 824 3749 muniri
837 3683 878 3766 ⁴).

259 3784 308 3851 12.
341 3784 485 3853 Getarum
516 3785 642 3868 parochi
671 3805 690 3851 a
716 3786 781 3851 anis
806 3786 965 3871 plebanis,
999 3786 1123 3870 plebani
1147 3804 1219 3851 vero
1241 3786 1398 3870 ceterique

152 3887 279 3972 parochi
306 3890 339 3954 in
370 3908 446 3973 quoe
468 3888 591 3972 plebani
619 3890 738 3955 nullam
763 3890 879 3955 habeut
900 3890 1165 3969 iurisdictionem,
1196 3889 1234 3955 ab
1258 3889 1399 3955 Ecclesia

152 3993 326 4060 cathedrali
344 3994 444 4059 oleum
461 3996 603 4058 sunctum
619 3994 784 4078 quotannis
798 3994 953 4078 accipiant
968 3994 1107 4079 illudque
1124 3996 1287 4071 rencrcutr
1309 3996 1398 4059 retus

152 4098 257 4163 autem
279 4098 363 4183 (quo,
388 4097 446 4163 nisi
470 4100 599 4181 urgente
623 4097 817 4176 necessitate,
840 4097 968 4163 minime
991 4096 1141 4163 utendum
1161 4096 1224 4183 est)
1245 4116 1397 4163 unacum

152 4200 294 4287 gossypio
316 4202 517 4269 comburatur
528 4199 566 4286 ⁶).

258 4305 309 4373 13.
340 4305 424 4371 ldem
449 4308 555 4371 autern
580 4305 682 4371 oleum
706 4306 737 4370 ln
764 4306 895 4371 resculis
918 4305 1075 4391 argenteis
1097 4307 1153 4371 aut
1175 4304 1288 4371 saltem
1311 4307 1398 4371 stan·

257 4461 282 4527 l)
300 4460 356 4515 ait
374 4460 451 4517 Rom.
470 4461 510 4517 De
528 4478 641 4517 sacram.
660 4464 769 4516 extrem
788 4459 869 4516 linet
886 4490 918 4501 -
937 4460 965 4531 2)
986 4460 1026 4516 Id.
1045 4460 1112 4516 ibid.
1131 4489 1163 4500 -
1182 4460 1211 4528 3)
1227 4460 1268 4516 ld.
1287 4459 1352 4515 ibid.
1367 4489 1398 4498 —

150 4544 179 4615 4)
196 4545 239 4603 Ιιι.
257 4545 323 4603 ibid.
342 4550 370 4601 et
389 4546 487 4604 Beued.
506 4548 592 4614 xlv„
619 4548 659 4603 Da
681 4546 779 4617 synod.
802 4546 885 4603 dioec.
911 4548 957 4604 lib.
981 4547 1063 4614 Vlll,
1088 4566 1113 4603 u.
1132 4548 1158 4602 4.
1185 4574 1220 4587 -·
1247 4548 1275 4616 5)
1298 4544 1397 4615 Synod.

151 4632 294 4690 Pistoriae.
314 4632 466 4691 Columbini
486 4635 589 4701 Baesii,
608 4652 664 4704 par.
685 4635 712 4699 1,
730 4634 776 4690 tit.
796 4636 823 4689 9.

1228 4719 1295 4786 29*
