3275 4917
234 249 299 316 258
484 272 626 339 Spuodrcc
647 271 849 328 Pavonem
868 277 896 326 et
918 271 1078 326 Pracemu
1096 286 1124 324 a.
1142 269 1226 325 1892.

234 443 346 508 reversi
377 443 510 520 luerint,
541 444 661 526 proprio
691 445 825 529 parocho
855 443 1065 510 testimonium
1093 443 1236 510 exhibere
1266 443 1398 520 debeut;
1427 443 1476 508 sin

235 547 347 625 minus,
373 547 600 612 Eucharistiam
622 553 749 614 sumant
770 548 855 614 iutra
878 549 983 613 decem
1003 547 1079 613 dies.

340 652 389 717 18.
424 653 584 736 Peregrini
612 655 644 717 et
668 653 740 736 vagi
762 653 1015 718 Communionom
1044 652 1199 734 accipiant
1223 653 1274 717 ubi
1299 654 1373 717 tunc
1396 654 1475 718 tem·

234 755 315 838 poris
337 756 473 838 degunt3
502 760 534 821 et
564 775 632 821 cum
663 758 814 840 parochus
840 756 899 822 loci
923 775 982 822 non
1009 757 1051 820 sit
1074 775 1178 822 eorum
1203 758 1321 841 pastor,
1356 776 1476 823 necesse

233 879 293 924 uon
316 863 364 925 est
386 878 437 925 eos
460 880 495 925 er
519 860 604 926 illius
627 881 717 927 mauu
742 861 996 928 communionem
1025 861 1169 944 accipere.
1215 861 1301 942 Quod
1326 861 1406 926 idem
1430 861 1476 925 di·

233 963 362 1029 cendum
385 968 434 1029 est
453 965 491 1029 do
515 965 666 1030 militibus
688 967 741 1049 qui
763 966 795 1030 iu
818 966 924 1050 aliqua
941 966 1074 1031 statione
1092 985 1148 1030 nou
1166 971 1403 1044 commorentur,
1422 984 1476 1030 uec

232 1068 420 1133 domicilium
446 1072 500 1135 aut
524 1070 612 1153 quasi
635 1070 826 1136 domicilium
851 1070 994 1137 habeant.

339 1173 389 1239 19.
425 1174 555 1239 Purocbi
579 1178 611 1239 et
630 1194 794 1257 praecones
814 1175 899 1240 verbi
925 1174 981 1239 Dei
1007 1174 1167 1240 hortentur
1192 1174 1315 1249 fideles,
1344 1176 1475 1240 marimo

230 1276 377 1360 juniores,
402 1282 438 1343 ut
459 1278 710 1345 Communiouem
735 1280 941 1363 frequentent.
970 1279 1080 1344 Utrum
1104 1281 1208 1344 autom
1232 1279 1365 1363 siugulis
1390 1299 1475 1344 meu-

232 1382 318 1446 sibus
339 1383 387 1448 vel
410 1383 609 1450 hebdomadis
633 1383 680 1448 vol
703 1383 811 1449 diebus
835 1385 865 1449 id
890 1384 992 1450 locere
1015 1385 1161 1467 praestet,
1183 1386 1268 1448 certa
1291 1385 1403 1467 cuique
1427 1404 1474 1450 re·

232 1487 306 1570 gula
330 1489 492 1569 praestitui
517 1507 574 1553 nou
600 1489 716 1570 potest,
748 1508 817 1552 oum
850 1487 937 1553 unice
971 1489 1036 1552 erui
1061 1488 1158 1570 possit
1189 1507 1224 1552 er
1252 1489 1399 1570 cuiusque
1424 1509 1473 1570 pe·

232 1592 342 1655 culiari
364 1595 460 1670 statu,
484 1593 644 1658 dovotione
667 1595 699 1658 et
721 1592 921 1676 charitatell.

336 1696 387 1761 20.
411 1697 570 1762 Mouemus
586 1700 689 1761 autem
708 1696 910 1763 coulossarios
928 1715 966 1761 ue
981 1695 1174 1779 frequentem
1192 1697 1229 1760 ud
1245 1697 1474 1762 Eucharistiam

232 1818 388 1864 accessum
419 1801 458 1865 iis
487 1805 542 1866 aut
572 1801 723 1866 suadeant
756 1804 811 1867 aut
843 1800 1025 1884 permittant
1058 1801 1177 1884 quiin
1208 1801 1315 1885 gravia
1349 1803 1474 1882 peccata

232 1922 352 1986 semper
374 1905 538 1983 labuntur,
570 1925 623 1970 uec
654 1905 860 1988 poeniteutiae
894 1905 1085 1988 paragendus
1109 1923 1242 1988 suaeque
1265 1906 1347 1971 vitae
1371 1923 1470 1968 emen·

232 2008 350 2073 dandae
374 2010 504 2074 studiosi
527 2014 617 2085 suut3
648 2028 704 2075 uec
726 2009 790 2075 illis
812 2010 879 2093 qul,
911 2010 970 2074 etsi
994 2009 1102 2092 gravia
1124 2009 1223 2075 vitent
1242 2008 1390 2085 crimina,
1421 2027 1473 2073 vo·

232 2112 385 2176 luntatem
409 2115 513 2177 tamen
536 2113 653 2180 habeut
677 2114 848 2180 venialibus
870 2113 1082 2179 inhaerentem
1097 2115 1133 2198 ²).

336 2216 388 2284 21.
426 2216 570 2283 Graviter
605 2218 839 2303 aegrotantibus
874 2217 1057 2301 tempestive
1089 2218 1214 2302 parochi
1246 2217 1473 2282 Eucharistiam

232 2321 450 2386 administrent
480 2326 511 2387 et
537 2325 667 2388 caveant
691 2342 728 2388 ue
748 2339 805 2388 sua
826 2321 917 2405 culpa
939 2321 1062 2388 accidat
1084 2325 1119 2388 ut
1142 2323 1254 2406 aliquis
1277 2321 1474 2386 aeternitatis

231 2424 292 2490 iter
313 2427 379 2490 sine
404 2427 523 2492 Viatioo
546 2427 758 2511 aggrediatur.

336 2531 388 2597 22.
419 2530 644 2598 constituimus
674 2535 778 2597 autem
808 2533 844 2596 ut
874 2530 968 2596 iidem
996 2529 1121 2613 parochi
1150 2549 1207 2595 non
1231 2530 1368 2596 abnuant
1392 2529 1474 2594 idem

231 2633 465 2704 Sacramentum
488 2636 602 2700 iterato
624 2635 732 2702 afferre
754 2636 892 2718 aegrotis
914 2635 978 2719 qui,
1002 2638 1215 2717 perseverante
1237 2633 1343 2700 eodom
1367 2635 1474 2700 mortis

232 2738 385 2822 periculo,
414 2738 492 2804 illud
525 2740 649 2822 saepius
680 2758 733 2823 per
760 2739 885 2805 modum
911 2739 1041 2816 viatici,
1071 2757 1139 2804 cum
1163 2739 1303 2804 naturale
1324 2738 1473 2804 ieiunium

231 2861 352 2909 servare
376 2847 539 2927 nequeant,
562 2844 696 2926 recipere
716 2844 890 2928 cupiuntli.

335 2932 388 3014 23.
409 2947 497 3029 Quod
521 2949 560 3013 ad
584 2967 692 3032 pueros
714 2949 831 3013 attinet
849 2947 983 3015 noudum
1008 2947 1046 3012 ad
1069 2967 1192 3015 sacrum
1215 2947 1396 3014 convivium
1417 2948 1472 3012 sd·

231 3051 351 3130 missos,
376 3071 533 3118 monemus
556 3056 588 3119 et
611 3053 813 3118 adhortamur
836 3053 984 3137 parochos
1010 3072 1045 3117 ue
1069 3071 1174 3118 omues
1196 3052 1472 3118 indiscriminatim

232 3156 309 3221 mori
332 3157 491 3239 patiantur
513 3159 579 3224 sine
598 3159 732 3243 corporis
754 3155 871 3224 Christ-i
894 3156 1015 3233 viatico,
1041 3156 1178 3240 illudque
1203 3157 1241 3223 iis
1264 3157 1473 3240 praebendum

233 3261 437 3345 praecipimus
459 3281 535 3345 quos
557 3262 650 3328 iidem
674 3260 815 3344 parochi,
848 3261 991 3346 diligenti
1014 3262 1182 3344 praemisso
1203 3261 1358 3338 examine,
1385 3263 1474 3325 tauta

232 3367 438 3447 compererint
456 3366 645 3448 perspicacis
665 3366 781 3448 pollere
796 3367 832 3428 ut
847 3366 996 3431 latentem
1013 3366 1070 3430 sub
1086 3365 1245 3449 speciebus
1263 3368 1474 3431 sacramenta·

234 3467 315 3532 libus
343 3467 502 3534 Christum
531 3472 564 3534 et
597 3469 728 3535 firmiter
754 3469 882 3534 credant
904 3472 936 3535 et
958 3473 1133 3535 reverenter
1155 3469 1293 3536 adorent.
1341 3470 1474 3535 Dolluire

232 3573 338 3637 eutem
361 3574 465 3637 utrum
490 3573 658 3639 moriturus
678 3593 771 3658 puer,
799 3576 939 3657 spectata
962 3572 1028 3640 eius
1051 3574 1170 3651 indole,
1195 3575 1237 3640 sit
1259 3575 1341 3640 tanti
1364 3573 1473 3640 Sacra-

232 3676 330 3741 menti
363 3694 460 3760 cuper
490 3697 547 3745 uec
581 3697 639 3757 ne,
678 3679 815 3762 ipsorum
853 3679 1053 3761 parochorum
1090 3678 1231 3761 prudenti
1264 3679 1473 3762 permittimus

232 3778 394 3866 iudicio⁴).

334 3885 386 3950 at.
413 3885 607 3952 lluclraristia
630 3889 734 3952 autem
759 3886 923 3953 deierando
946 3890 994 3953 ost
1011 3889 1148 3971 temporo
1164 3886 1281 3965 diurno,
1304 3887 1424 3971 publice
1441 3890 1473 3951 et

232 3989 397 4056 honorilice
421 4010 491 4056 cum
514 3992 684 4056 luminibus
706 3993 738 4056 et
760 3992 832 4057 dato
855 4010 1022 4075 campanae
1046 3992 1151 4078 signo;
1176 3995 1305 4076 urgente
1330 4011 1399 4056 vero
1420 4011 1471 4057 ne·

226 4095 391 4174 cessitate,
429 4096 477 4162 vel
509 4098 604 4161 etiam
635 4096 774 4180 qualibet
808 4097 907 4162 noctis
937 4097 1030 4176 horu,
1057 4097 1111 4162 sed
1133 4097 1199 4162 sine
1221 4100 1390 4180 apparatu,
1415 4116 1473 4161 uon

230 4201 336 4264 tamen
358 4201 494 4278 occulto,
525 4205 560 4266 ut
581 4200 617 4267 fit
636 4200 668 4265 iu
691 4201 768 4267 locis
790 4201 1025 4267 haereticorum.
1071 4201 1197 4284 Quoties
1222 4221 1291 4267 vero
1317 4202 1471 4266 Viatioum

227 4301 376 4384 defertur,
400 4305 575 4370 adhibenda
596 4308 644 4370 est
663 4324 760 4389 parva
782 4306 893 4371 saltem
919 4305 1070 4383 umbella;
1094 4305 1236 4371 sacerdos
1254 4304 1473 4390 superpelliceo

331 4460 356 4527 1)
375 4458 454 4516 Cone.
474 4461 547 4517 'l'rid
565 4477 630 4517 sess.
647 4461 730 4525 1111,
748 4477 806 4532 esp.
824 4463 848 4526 l.
877 4463 905 4517 et
935 4461 1033 4517 Reusd.
1059 4460 1145 4522 XIV..
1174 4461 1214 4516 De
1239 4461 1338 4531 Spuod.
1358 4460 1472 4516 dioeces.

226 4543 441 4685 luitbidvplplac‘p'
459 4548 506 4612 12,
530 4565 555 4602 u.
574 4550 599 4601 7.
628 4575 660 4584 -
686 4547 714 4617 2)
733 4547 773 4602 Id.
791 4547 855 4602 ibid.
878 4565 903 4601 u.
922 4549 947 4602 9.
975 4577 1008 4586 -
1031 4547 1058 4614 3)
1077 4547 1117 4602 ld.
1137 4547 1202 4605 ibid.
1226 4565 1250 4603 u.
1273 4549 1298 4604 4.
1328 4577 1360 4586 -
1385 4548 1412 4614 4)
1431 4547 1472 4604 ld.
