3275 4917
336 288 397 352 dcc
416 287 501 352 xiil.
520 299 610 366 episc.
631 291 820 352 moraviense
838 297 876 352 dc
895 296 977 352 reeta
996 291 1112 350 »Petite
1135 293 1254 364 epure«
1353 269 1417 341 295

172 469 254 536 tales
274 469 414 535 homines
436 471 565 553 possunt
587 469 625 535 de
647 469 757 555 gratiis
781 467 988 552 subsidiisque
1013 465 1099 552 jugis
1130 466 1274 533 sacrilioii
1305 468 1337 532 et
1366 485 1416 532 sa·

172 562 418 652 crementorum
448 593 544 658 quae,
569 574 628 639 etsi
650 574 819 657 sacrilege,
854 573 955 638 valide
976 575 1081 636 tannen
1106 571 1340 649 administrata,
1363 575 1415 636 nt·

172 695 302 761 cumque
326 678 488 760 proderant
510 679 548 742 ad
578 697 645 744 eam
671 679 812 760 formem
833 697 887 743 seu
909 679 1043 760 speeiem
1060 676 1210 758 pietatis,
1241 693 1333 759 quarn
1357 694 1413 741 uo·

171 781 252 847 tavit
268 782 437 866 Apostolus
460 779 514 868 (ll.
533 781 612 848 Tim.
631 780 690 860 III,
706 782 750 866 5),
774 783 805 846 et
828 779 926 846 lucius
947 780 1029 844 idem
1047 779 1241 864 Augustinus
1257 780 1414 858 tractarit,

171 885 248 950 baec
277 887 404 970 perapte
433 905 579 953 monens:
615 886 744 951 »Potest
777 885 858 951 enim
892 903 958 951 esse
987 883 1118 950 risibilis
1149 884 1247 949 iorma
1275 884 1415 967 palmitis

169 988 264 1054 etiarn
287 993 410 1072 praeter
434 990 546 1067 ritem,
579 990 631 1056 sed
663 989 829 1055 inuisibilis
861 989 924 1055 rita
954 986 1067 1053 radicis
1097 987 1204 1052 baberi
1232 1006 1290 1052 non
1314 988 1415 1072 potest

171 1093 229 1157 nisi
253 1094 284 1157 in
307 1095 379 1161 rite.
413 1094 544 1159 Proinde
560 1093 730 1178 corporalia
746 1097 951 1170 sacramenta,
974 1110 1054 1176 quae
1068 1092 1195 1175 portant
1209 1092 1241 1156 et
1257 1092 1415 1158 celebrant

170 1197 264 1263 etiarn
287 1198 444 1281 segregati
467 1197 507 1263 ab
531 1199 652 1263 unitate
675 1199 810 1281 corporis
835 1196 1103 1262 christiformem
1128 1199 1256 1278 possunt
1271 1196 1414 1260 exhibere

169 1300 312 1384 pietatis,
340 1302 439 1366 virtus
470 1320 540 1368 sero
572 1302 699 1385 pietatis
727 1302 893 1368 inuisibilis
916 1303 948 1365 et
968 1299 1141 1384 spiritualis
1163 1301 1209 1364 ita
1231 1298 1263 1363 in
1286 1298 1330 1365 eis
1352 1319 1412 1366 uon

168 1404 271 1488 potest
298 1423 380 1484 esse,
414 1405 672 1488 quemadmodum
696 1425 802 1472 sensus
827 1424 885 1472 nou
908 1404 1049 1489 sequitur
1071 1403 1205 1486 corporis
1227 1405 1412 1484 membrum,

168 1509 290 1593 qnando
312 1510 533 1593 amputatura
557 1529 698 1594 corpore«
726 1508 838 1596 (Serm.
857 1507 968 1588 LXXI,
993 1507 1024 1571 in
1050 1507 1166 1574 llattb.
1187 1504 1253 1593 32).
1275 1507 1319 1573 At
1341 1527 1412 1574 roro

167 1631 261 1698 quum
285 1612 427 1678 sacerdos
447 1613 512 1697 jam
537 1614 671 1697 supersit
697 1613 798 1678 nullus
822 1613 875 1697 qui
899 1613 943 1678 eis
967 1612 1042 1695 ipsis
1060 1611 1238 1690 adhaereat,
1261 1612 1410 1678 natalem

166 1717 290 1800 quidem
314 1717 443 1782 lormanr
468 1717 594 1801 pietatis
618 1717 712 1782 iidem
733 1717 889 1801 praeferre
920 1716 1064 1799 possunt;
1095 1733 1155 1780 uuo
1180 1715 1304 1798 dempto
1333 1716 1409 1800 bap-

166 1821 310 1898 tismate,
339 1821 419 1905 quod
450 1821 621 1886 infantibus
650 1821 800 1905 privatim
825 1820 961 1886 conferre
984 1819 1145 1897 dicuntur,
1172 1819 1411 1904 suscipientibus

166 1923 308 2009 quidem,
336 1924 426 1990 modo
447 1943 542 2008 quum
565 1923 758 1991 adoleverint
779 1925 948 1990 schismate
975 1923 1171 2003 abstineant,
1204 1922 1408 2007 profuturum,

166 2028 220 2093 sed
244 2027 434 2093 mortiterum
458 2027 624 2106 dantibus,
651 2026 764 2113 quippe
792 2030 845 2113 qui
869 2027 901 2094 id
924 2028 1021 2113 agant
1044 2027 1218 2093 voluntario
1239 2028 1409 2096 schismate

166 2131 321 2216 impliciti.

270 2251 355 2318 ilaec
378 2254 481 2320 emula
503 2253 530 2319 si
553 2255 675 2321 attenta
693 2254 741 2319 illi
764 2255 953 2339 cogitatione
976 2255 1170 2320 considerent
1191 2256 1344 2340 rectoque,
1371 2258 1409 2320 ut

164 2376 219 2439 par
243 2359 299 2435 est,
323 2357 426 2423 animo
448 2359 702 2441 complectantur,
727 2357 792 2424 fieri
814 2377 887 2424 sane
905 2378 965 2425 nou
987 2359 1101 2442 poterit
1122 2358 1209 2441 quin,
1231 2358 1320 2442 grarl
1336 2379 1407 2443 per·

163 2460 240 2526 moti
260 2459 478 2538 sollicitudine,
502 2460 694 2526 adducantur
714 2447 868 2527 atrocem
889 2463 1020 2528 audiant
1038 2460 1094 2527 Dei
1110 2462 1294 2542 miserentis,
1312 2465 1405 2546 atque

166 2563 320 2628 Ecclesiae
339 2563 511 2630 catholicae
533 2566 565 2629 et
587 2563 794 2648 Apostolicee,
826 2566 1071 2632 studiosissimae
1102 2565 1231 2646 matria,
1263 2566 1406 2649 expleant

164 2668 244 2734 rota.
289 2668 351 2733 Res
374 2666 568 2750 periclitatur
590 2669 727 2734 omnium
758 2670 892 2736 rnaxima
919 2672 952 2736 et
975 2671 1152 2754 potissima;
1181 2689 1271 2737 nam:
1304 2669 1402 2752 »Quid

162 2768 257 2836 vultis
291 2771 437 2853 amplius,
473 2771 611 2837 homines
642 2772 793 2858 (ejusdem
827 2775 995 2860 Augustini
1029 2774 1131 2840 verbis
1159 2775 1261 2839 valeat
1282 2774 1321 2838 ad
1353 2794 1405 2840 ros

160 2873 354 2960 exhortatio),
377 2875 452 2960 quid
474 2877 568 2942 vultis
591 2878 748 2961 amplius?
771 2879 900 2947 blondo
924 2898 998 2944 suro
1020 2880 1052 2944 et
1066 2882 1197 2962 argento
1214 2881 1315 2944 vestro
1331 2879 1402 2964 agi-

161 2981 230 3056 tur;
254 2996 313 3045 uon
336 2980 431 3058 terra,
455 2997 511 3044 non
537 2981 670 3063 praedia,
694 3002 753 3048 nou
776 2983 907 3067 denique
928 2984 1012 3049 salus
1028 2983 1165 3065 corporis
1181 2983 1275 3048 rastri
1290 2983 1322 3047 in
1338 2982 1403 3048 dis·

160 3082 275 3146 crimen
292 3083 436 3147 vocatur:
459 3083 497 3148 de
513 3083 711 3166 adipiscenda
729 3087 791 3151 rita
807 3088 934 3153 aeterna
950 3091 982 3152 et
996 3085 1146 3170 fugienda
1162 3087 1259 3151 morte
1275 3089 1402 3152 aeterna

159 3184 388 3355 compellplmu:3
397 3186 517 3252 animas
534 3189 664 3255 vestras.
689 3189 944 3274 Expergiscimini
960 3189 1143 3275 aliquando‹
1161 3188 1272 3276 (Serm.
1291 3188 1400 3270 LXXI,

159 3289 189 3353 in
213 3289 297 3356 Malt
321 3339 339 3368 .,
389 3290 434 3376 2).

247 3401 428 3496 'Reliquum
450 3414 514 3492 est,
541 3413 733 3480 Venerabilis
753 3415 878 3494 Frater,
910 3419 946 3482 ut
966 3417 1048 3482 curis
1070 3417 1242 3501 studiisque
1265 3417 1399 3496 Nostris,

157 3515 268 3598 quibus
290 3515 455 3599 pastoralis
478 3517 641 3601 prudentia
657 3521 688 3584 et
703 3519 816 3585 caritas
834 3520 1064 3605 Arobiepiscopl
1080 3522 1292 3607 Lugdunensis
1308 3522 1397 3589 item·

157 3637 216 3702 que
239 3621 294 3683 lna
325 3620 460 3703 proiecto
491 3620 550 3687 erit
580 3641 777 3707 responsura,
810 3625 919 3708 optata
946 3625 1139 3692 incrementa
1166 3626 1276 3692 ederet
1302 3625 1396 3707 Dens,

157 3719 244 3805 cnjus
265 3721 364 3804 gloria
386 3722 417 3787 in
441 3727 620 3792 revocandis
643 3726 838 3796 adsalutem
861 3729 959 3795 deviis
982 3730 1123 3814 splendet
1139 3730 1280 3799 mirifica.
1304 3729 1397 3798 Nunc

156 3842 227 3890 vero
249 3825 415 3909 peculiaris
438 3828 669 3898 benevolentiae
696 3834 808 3899 testem
832 3837 927 3918 atque
948 3835 1104 3919 auspicem
1128 3835 1306 3901 coelestium
1329 3855 1397 3900 mu·

156 3947 275 4008 nerum,
299 3931 508 4014 Apostolloam
532 3933 778 4003 benedictionem
801 3938 913 4004 tibist
936 3939 1018 4004 clero
1041 3939 1211 4023 populoque
1235 3944 1288 4005 tuo
1307 3959 1396 4024 pera·

156 4034 276 4100 menter
299 4033 330 4099 in
354 4033 488 4102 Domino
514 4036 718 4121 impertimus.

259 4155 374 4223 Datum
401 4157 534 4238 Romae,
563 4160 644 4244 apud
671 4161 703 4230 S.
728 4163 874 4245 Petrum,
909 4163 959 4230 die
990 4165 1040 4234 19.
1064 4167 1163 4248 lolii,
1194 4186 1274 4234 anno
1308 4167 1392 4234 1893

155 4257 357 4327 Pontificatus
377 4262 485 4329 Nostri
507 4264 722 4336 sextodecimo.

989 4411 1069 4476 LEO
1094 4413 1126 4479 P.
1141 4413 1176 4478 Ρ.
1199 4412 1289 4478 ΧΙΙΙ.
