3275 4917
211 193 276 264 240
461 209 604 281 synodus
625 207 1057 264 metamaucensem
1076 225 1104 264 a.
1123 207 1207 264 1892.

209 388 317 472 pulum
339 385 493 462 habeant;
516 382 649 448 alterum
674 381 709 444 ut
733 399 841 463 pueros
864 382 897 446 et
918 379 1057 446 rudiores
1079 399 1215 465 quosque
1234 382 1357 448 divinae
1375 382 1454 467 legis

209 491 342 575 fideique
375 489 552 554 rudimenta
579 485 776 551 informent«
842 485 908 550 Hoc
940 489 1044 550 numm
1077 505 1202 551 munere
1237 487 1379 570 parochis
1411 486 1454 550 nil

209 595 362 671 sanetius,
394 593 438 657 nil
468 589 675 655 iuviolabilius
704 606 770 653 esse
801 591 921 671 potest3
957 607 1025 654 curn
1060 589 1125 654 siue
1160 591 1217 656 tali
1251 593 1454 658 Instructione

209 700 380 765 chrisIIaua
400 697 467 762 uita
489 713 527 760 ne
549 693 672 759 institui
697 693 820 776 quidem
845 694 952 776 possit.
992 695 1094 776 Quare
1117 695 1191 759 Pius
1214 695 1268 762 III.
1283 701 1316 776 ¹),
1338 698 1375 761 ut
1395 695 1454 760 im·

210 805 330 889 piorum
354 801 478 867 fraudes
501 799 612 884 quihus
632 797 680 862 uel
704 797 803 880 ipsam
827 798 1012 862 cathoIIcam
1041 797 1135 864 fidem
1159 799 1298 866 funditus
1319 806 1455 865 evertere

209 909 370 986 conantur,
402 906 509 971 irritae
532 903 682 980 evadant,
716 902 772 967 hoo
796 902 958 986 praecipue
981 902 1062 967 iuter
1084 907 1187 968 cetera
1207 903 1402 970 commendat
1424 905 1456 968 et

209 1012 306 1089 iubet,
330 1012 366 1076 ut
381 1029 485 1076 ornnes
501 1007 712 1086 ecclesiastici,
729 1007 910 1090 praesertim
928 1007 1061 1090 parochi,
1090 1009 1216 1074 »maiori
1233 1028 1328 1091 usque
1344 1007 1454 1071 alacri·

212 1118 288 1196 tate,
312 1117 403 1198 prout
423 1117 594 1197 temporum
619 1111 698 1175 ratio
721 1111 870 1194 postulat,
893 1110 924 1175 in
949 1111 1137 1177 christianae
1158 1112 1256 1194 pletis
1277 1113 1454 1178 instructio-

212 1240 280 1285 nem
309 1218 519 1284 inoumheut.«
580 1215 696 1280 Eadem
731 1215 890 1280 institutio
924 1215 1013 1280 ualde
1045 1217 1279 1282 commendatur
1312 1217 1407 1281 etiam
1437 1235 1454 1278 a

211 1325 310 1390 Leone
335 1323 425 1389 XIII.
456 1342 509 1407 per
541 1321 664 1386 litteras
698 1318 735 1383 ad
767 1319 1054 1385 Eminentissimum
1092 1321 1249 1390 Vicarium
1285 1322 1374 1386 datas
1406 1320 1455 1384 die

210 1427 373 1495 calorii
397 1428 470 1494 anui
494 1425 587 1490 lala.
629 1424 695 1489 Nec
725 1423 812 1489 iuuat
842 1443 993 1508 opponere
1024 1425 1201 1490 concionem
1231 1425 1334 1491 locum
1362 1425 1452 1488 insti·

211 1533 342 1599 tutionis
364 1531 582 1598 catechistioae
604 1531 727 1613 teuere;
756 1533 830 1593 suut
854 1529 953 1608 enim,
986 1531 1021 1594 ut
1044 1530 1135 1612 paulo
1159 1531 1231 1596 aute
1257 1530 1372 1594 dietum
1397 1533 1453 1605 est,

210 1637 331 1704 diversa
352 1653 491 1701 munera.
533 1634 603 1699 Huc
626 1632 758 1711 accedit,
781 1632 862 1716 quod
884 1633 989 1698 concio
1006 1635 1099 1717 ponit
1121 1634 1228 1698 tideles
1251 1634 1359 1716 primis
1383 1631 1453 1696 lidoi

210 1740 396 1806 rudimentis
417 1739 481 1803 iam
504 1737 650 1816 imbutos,
673 1755 752 1821 quae
776 1735 900 1819 proiude
921 1736 1021 1803 obiter
1035 1739 1159 1802 tantum
1178 1737 1317 1822 attingit.
1347 1737 1453 1818 Neque

210 1844 323 1911 adduci
345 1845 446 1928 potest
468 1841 724 1907 immemorabilis
747 1841 936 1906 cousuetudo
958 1841 1132 1920 contraria;
1168 1843 1216 1907 ius
1250 1842 1331 1906 euim
1366 1859 1453 1924 prae·

210 1948 387 2033 scriptionis
410 1947 468 2012 hac
490 1947 521 2011 in
545 1966 578 2011 re
600 1945 801 2030 praetendere
824 1945 909 2010 netas
931 1949 987 2012 est.

317 2071 366 2136 ll.
400 2069 510 2154 Itaque
548 2068 691 2134 districte
718 2067 923 2152 praecipimus
954 2068 1095 2152 parochis
1125 2072 1161 2134 ut
1186 2068 1319 2152 siugulis
1342 2067 1452 2132 saltam

211 2173 373 2240 domiuioIs
395 2173 504 2238 diebus
525 2192 633 2256 pueros
661 2174 693 2237 et
723 2173 845 2237 adultos
869 2172 1069 2237 catechizant.
1115 2173 1175 2255 Qui
1204 2173 1279 2252 hoc,
1311 2171 1392 2255 qnod
1415 2170 1453 2236 ad

212 2297 321 2362 pueros
357 2278 486 2356 attinet,
519 2296 571 2342 sex
605 2275 775 2342 Dominicis
806 2277 962 2342 continuis
997 2276 1043 2343 rel
1078 2277 1238 2342 duodecim
1272 2276 1454 2358 interruptis

211 2383 326 2466 absque
351 2383 438 2466 graui
463 2399 557 2448 causa
579 2381 772 2465 neglexerint
795 2399 924 2460 munus,
956 2381 1065 2446 ilsdem
1098 2381 1320 2448 coercebuntur
1349 2380 1453 2464 poeuis

211 2506 288 2570 quas
308 2487 352 2552 eis
374 2485 487 2550 minati
509 2505 616 2552 sumas
638 2505 667 2550 u.
685 2487 715 2563 3,
739 2485 766 2552 si
789 2487 966 2550 concionem
990 2486 1072 2551 iuter
1088 2485 1200 2551 Missae
1216 2485 1452 2550 celebrationem
1566 2508 1570 2520 ·

210 2590 385 2657 habendam
409 2589 538 2655 totidem
562 2589 679 2653 uicibus
700 2589 871 2655 omiserint.
913 2589 1028 2655 Eodem
1053 2593 1156 2654 autern
1181 2609 1306 2654 munere
1329 2587 1454 2672 parochi

211 2694 305 2760 soluti
336 2696 408 2760 snut
435 2693 578 2759 omnibus
600 2692 709 2759 diebus
731 2693 844 2776 quibus
865 2692 1024 2776 praedicta
1045 2693 1190 2760 concione
1212 2693 1329 2759 solutos
1351 2693 1453 2757 decla·

211 2817 358 2865 ravimus.
1393 2811 1394 2816 ’

320 2921 367 2989 12.
395 2919 503 3002 Quoad
527 2918 667 2985 eamdem
691 2919 921 2985 institutionem
944 2940 1123 3003 puerorum,
1155 2922 1191 2985 ut
1223 2921 1307 2985 recto
1337 2919 1454 3002 prospi-

210 3025 313 3091 ciatur
335 3022 449 3101 ordini,
473 3043 574 3088 mares
597 3043 615 3088 a
638 3023 780 3089 foeminis
802 3024 1021 3109 seiungamus,
1050 3027 1082 3091 et
1104 3027 1171 3090 turn
1197 3026 1292 3102 istae,
1317 3027 1382 3088 tum
1407 3023 1454 3089 illi

211 3130 242 3194 iu
267 3129 368 3194 uarias
391 3148 443 3211 pro
466 3129 570 3194 aetate
593 3146 630 3193 ac
654 3146 778 3194 numero
802 3127 1030 3194 distribuantur
1053 3129 1176 3196 classes.
1208 3128 1266 3194 Sed
1291 3128 1386 3195 »satis
1404 3146 1454 3192 er·

211 3232 362 3317 parientia
391 3237 582 3316 compertum
605 3236 667 3309 est,
698 3233 799 3316 inquit
832 3233 1017 3299 BeuedIctus
1037 3232 1122 3300 XIV.
1133 3235 1176 3319 ²),
1209 3235 1356 3316 imparem
1388 3252 1454 3298 esse

212 3338 304 3402 unius
333 3337 459 3420 parochi
494 3335 648 3410 lahorem,
681 3355 751 3400 oum
785 3340 920 3419 nequeat
953 3358 1032 3402 uuus
1066 3357 1171 3403 omnes
1201 3338 1371 3414 iustruere,
1401 3338 1454 3401 ubi

212 3441 346 3507 doctorIs
377 3439 572 3522 diligentiam
604 3459 749 3504 uumerus
780 3440 906 3509 vincia«
955 3441 1147 3524 Quapropter
1170 3443 1312 3506 omuibus
1335 3441 1455 3506 clerIois

212 3544 416 3627 praecipimus
438 3548 490 3620 ut,
523 3561 593 3608 cum
616 3543 648 3608 in
673 3545 794 3627 propria
817 3546 958 3628 paroecia
980 3546 1114 3630 degunt,
1147 3547 1294 3630 parochos
1321 3546 1353 3610 iu
1373 3545 1453 3610 chri·

211 3649 313 3713 stiaua
331 3647 474 3712 doctriua
497 3648 599 3730 pueris
623 3648 776 3713 tradenda
797 3649 963 3731 adiuveut3
993 3651 1019 3714 si
1048 3650 1101 3734 qui
1133 3669 1203 3716 vero
1234 3650 1289 3716 hoo
1317 3649 1453 3714 officium

213 3751 411 3835 neglexerint,
434 3751 473 3816 ah
492 3750 693 3818 OrdinatIone
714 3754 910 3819 arcebuntur.
935 3755 1049 3820 Eorum
1065 3759 1170 3820 autem
1187 3756 1452 3839 praesbyterorum

212 3859 265 3941 qui
288 3856 379 3922 huius
401 3858 500 3939 operis
522 3859 723 3923 studiosiores
743 3859 873 3936 luerint,
898 3858 961 3924 Nos
987 3860 1015 3923 iu
1040 3860 1187 3943 paroeciis
1211 3859 1340 3942 aliisque
1363 3860 1455 3923 boue·

211 3961 289 4028 ficiis
305 3960 496 4027 conferendis
512 3962 674 4046 praecipue
692 3964 842 4027 rationem
859 3962 1087 4048 habehImns⁸).
1116 3966 1277 4029 Praeterea
1295 3965 1455 4028 hortamur

211 4066 377 4149 parochos,
402 4065 580 4148 praesertim
605 4066 729 4132 urbium
753 4069 785 4131 et
807 4068 1005 4150 oppidorum,
1030 4073 1063 4134 ut
1089 4069 1119 4132 in
1143 4069 1208 4134 suis
1229 4069 1367 4134 ecclesim
1388 4069 1454 4152 pias

210 4169 395 4235 sodalitates
417 4175 484 4234 tum
507 4170 659 4247 virorum,
692 4173 758 4234 tum
793 4171 955 4235 mulierum
987 4173 1155 4237 instituant
1177 4175 1212 4238 ut
1234 4177 1266 4238 et
1289 4175 1327 4237 ab
1351 4172 1398 4237 his
1422 4172 1452 4236 iu

210 4272 407 4339 institutione
429 4273 468 4338 de
489 4292 551 4358 qua
566 4275 700 4357 agimus,
724 4275 918 4343 adiuventur.
954 4276 1048 4341 Iidem
1065 4277 1191 4360 parochi
1209 4296 1278 4342 uero
1294 4275 1452 4342 Christum
1474 4303 1479 4312 ·

210 4567 304 4625 com
321 4482 473 4624 ἱξιῧιιογιΙ.
492 4483 611 4549 Nortia,
630 4483 657 4540 8.
677 4484 740 4540 Dea
761 4483 835 4542 1849.
863 4513 897 4525 -
921 4485 950 4554 2)
968 4483 1059 4542 coust.
1077 4486 1123 4542 eit.
1151 4514 1184 4524 -
1211 4487 1239 4554 a)
1260 4485 1360 4542 Bened.
1380 4485 1455 4542 XIV.

321 4585 346 4624 oa
