3275 4917
593 300 674 357 Pure
691 304 812 372 prima:
838 301 882 356 Dc
900 299 984 355 reda
1347 279 1409 346 241

165 477 274 543 desum
298 473 474 553 imitantes,
510 474 562 556 qui
596 473 740 556 purvulos
772 473 811 538 ad
837 491 869 538 so
898 471 1030 537 uocabat
1057 489 1167 554 eosque
1201 472 1411 550 benedicebat,

167 597 276 663 pueros
296 577 489 643 munusculis
512 577 653 642 alliciant
674 580 710 642 ut
733 578 866 643 libenter
889 576 928 640 ad
952 575 1113 641 ecclesium
1137 595 1169 640 se
1188 577 1356 654 conserant,
1380 579 1413 642 et

167 683 309 767 benigue,
330 686 366 745 ut
386 684 474 764 pater
497 682 594 758 lilios,
616 681 779 764 excipiant.
824 681 864 746 ut
887 681 1032 765 quoniam
1056 680 1182 763 longum
1206 684 1252 744 est
1276 681 1335 745 iter
1358 700 1412 762 per

168 788 341 870 praecepta,
365 787 455 850 breve
478 788 581 850 autern
606 790 638 850 et
660 786 768 851 eldeax
793 804 845 869 per
868 785 1015 866 exempla,
1040 803 1088 848 res
1110 783 1148 848 de
1170 785 1281 868 quibus
1303 787 1411 867 agunt,

168 891 259 958 lactis
282 893 314 954 et
333 890 601 967 similitudinibus,
627 891 806 973 praesertim
839 909 874 954 ex
901 889 996 953 sacris
1025 887 1194 971 Scripturie
1225 887 1413 972 depromptis

167 995 335 1060 illustrent.
392 997 507 1060 Pueros
539 996 642 1058 autem
676 994 729 1077 qui
762 993 898 1058 tardiore
934 995 1007 1057 sunt
1040 991 1181 1075 ingenio,
1212 1011 1348 1058 seorsum
1382 997 1414 1057 et

168 1099 283 1164 maiore
305 1098 454 1163 edoceant
476 1098 646 1182 petientia;
669 1098 717 1162 ita
740 1103 774 1162 ut
797 1116 903 1162 ornnes
926 1097 1066 1162 ediscant
1088 1115 1166 1180 quae
1189 1096 1267 1161 scire
1291 1097 1411 1162 debent.

167 1202 227 1269 Sed
250 1204 288 1266 ut
310 1221 345 1266 ex
369 1201 426 1267 bac
448 1202 645 1268 institutione
669 1202 793 1266 maximi
817 1203 938 1267 fructus
958 1201 1136 1283 capiantur,
1167 1219 1224 1264 nou
1250 1196 1338 1265 rnodo
1359 1220 1411 1284 pa·

169 1306 270 1383 roclri,
302 1306 355 1370 sed
385 1326 489 1371 eorum
514 1307 670 1371 adiutores
694 1308 790 1372 etiarn
813 1325 886 1389 prae
909 1306 1006 1370 oculis
1030 1304 1165 1370 babeant
1188 1306 1312 1388 regulas
1335 1323 1413 1387 quae

169 1411 201 1476 iu
224 1411 391 1494 appendice
415 1412 505 1478 buius
527 1411 641 1496 Synodi
664 1411 831 1477 afferentur
855 1431 885 1475 ιι.
909 1410 967 1474 111.
1013 1410 1140 1493 Utrique
1163 1412 1283 1488 autem,
1317 1413 1350 1474 ut
1374 1409 1412 1475 ad

168 1518 234 1580 tarn
258 1518 399 1580 sanctam
421 1516 593 1580 obeundum
617 1535 727 1579 munus
750 1516 781 1580 in
804 1515 870 1580 dies
895 1515 1033 1579 animum
1053 1518 1188 1589 serment,
1209 1514 1324 1596 pariter
1341 1533 1413 1597 prae

169 1620 266 1684 oculis
288 1620 425 1685 hubeaut
453 1620 663 1702 indulgentias
693 1640 712 1684 a
741 1621 870 1685 summis
898 1618 1099 1684 Pontificibus
1128 1621 1196 1683 tum
1228 1618 1412 1683 catechesim

168 1723 381 1800 tradentibus,
417 1725 482 1787 turn
516 1742 585 1787 earn
614 1723 835 1806 excipientibus
862 1740 1022 1787 concessas
1055 1723 1202 1805 (quaein
1231 1721 1336 1785 eadem
1360 1741 1415 1803 ap·

170 1826 296 1909 pendiee
326 1827 537 1891 describentur
569 1847 597 1890 n.
632 1827 707 1910 1V);
741 1826 772 1890 in
808 1826 917 1909 primis
952 1845 1021 1890 vero
1055 1825 1112 1891 hoc
1147 1823 1281 1907 Spiritus
1315 1823 1412 1889 sanct'

170 1930 351 1995 oraculum:
392 1930 470 2013 »Qui
507 1931 546 1996 ad
584 1931 738 1995 iustitiam
772 1929 919 1994 erudiunt
953 1929 1088 2007 multos,
1128 1929 1292 2012 fulgebunt
1326 1929 1414 2012 quasi

171 2034 280 2101 stellae
299 2035 330 2100 in
353 2039 515 2119 perpetuas
538 2036 740 2100 aeternitates
754 2037 809 2118 ¹).‹

276 2138 326 2207 13.
357 2139 501 2206 Ceterum
533 2139 571 2204 ad
598 2138 818 2205 consulendum
845 2138 987 2203 fidelibus
1010 2139 1062 2220 qui
1085 2156 1253 2221 numquam
1278 2137 1341 2202 fero
1365 2155 1414 2202 ec·

169 2244 295 2310 alesiam
320 2244 523 2326 parochialem
547 2245 677 2321 adeunt,
707 2244 817 2308 stricte
850 2243 1034 2308 mandamus
1058 2246 1093 2307 ut
1116 2241 1146 2306 in
1170 2242 1312 2308 oratoriis
1335 2260 1414 2325 quae
1506 2231 1508 2236 ’

170 2349 210 2413 ab
231 2368 269 2414 ea
290 2348 380 2433 longe
404 2349 539 2427 distant,
573 2351 606 2413 et
637 2348 668 2412 in
698 2347 810 2430 quibus
839 2347 947 2412 diebus
980 2347 1067 2410 iestis
1101 2347 1198 2411 Missa
1229 2346 1413 2424 celebretur,

170 2453 345 2518 sacerdotes
367 2452 417 2515 ibi'
433 2437 640 2529 celebrantes,
672 2455 746 2516 aute
777 2451 823 2516 uel
857 2453 925 2533 post
955 2469 1022 2514 earn
1048 2450 1235 2516 christianae
1257 2451 1415 2514 doctrinae

170 2576 322 2620 summam
347 2555 457 2638 populo
477 2554 603 2620 tradant
625 2555 824 2637 divinamque
845 2555 1030 2620 annuntient
1050 2554 1161 2638 legem.
1193 2553 1225 2619 Si
1242 2553 1311 2636 quis
1327 2553 1413 2636 iungi

174 2661 232 2725 boc
255 2678 379 2725 munere
404 2658 582 2742 neglexerit,
606 2679 624 2722 a
647 2659 778 2742 parocho
801 2660 1021 2735 admoneatur3
1047 2661 1079 2724 et
1101 2659 1127 2722 si
1148 2658 1288 2742 pertinax
1311 2658 1414 2736 fuerit,

169 2765 316 2848 grauibus
340 2763 460 2847 poenis,
492 2765 527 2828 ut
550 2764 626 2828 iuris
646 2765 711 2843 est,
742 2783 761 2828 a
792 2763 889 2828 Nobis
920 2763 968 2829 rel
1000 2767 1103 2828 nostro
1127 2763 1250 2829 Vicario
1277 2760 1414 2846 generali

168 2868 367 2953 plecteturlt.
952 2927 973 2960 ,

275 2974 325 3037 14.
351 2973 481 3039 Parocbi
503 2992 574 3038 uero
598 2977 629 3036 et
654 2991 818 3055 praecones
841 2971 926 3036 uerbi
952 2972 1007 3036 Dei
1031 2971 1177 3037 studeant
1200 2974 1361 3054 parentum
1384 2974 1416 3036 ct

169 3078 314 3143 herorum
337 3077 449 3142 animis
469 3074 576 3160 figere,
600 3078 681 3159 ipsos
703 3074 870 3140 adstrictos
894 3093 1039 3139 essenon
1065 3075 1163 3140 solum
1189 3075 1226 3138 ad
1245 3075 1414 3139 curandum

169 3184 205 3247 ut
228 3183 313 3265 pueri
343 3180 518 3264 trequentes
548 3180 695 3245 ccclesiae
724 3178 848 3242 scholae
878 3179 1036 3243 auditores
1063 3179 1141 3252 sint,
1171 3179 1223 3244 sed
1255 3181 1348 3242 etiem
1381 3183 1416 3244 ut

169 3285 345 3351 domesticis
369 3285 538 3368 parietibus
559 3284 714 3368 mysteriis
733 3286 858 3348 nostrae
881 3283 1040 3364 religionis
1062 3283 1285 3366 imbuanturl).
1325 3281 1412 3365 Quod

169 3391 250 3455 idem
275 3392 434 3473 praestent
453 3389 651 3469 confessarii3
682 3390 732 3466 et,
758 3388 784 3453 si
807 3407 883 3470 quos
907 3386 1026 3452 desides
1048 3387 1275 3463 nanciscantur,
1300 3389 1414 3470 absque

169 3493 385 3559 sacramentali
410 3494 604 3558 absolutione
626 3492 807 3569 dimittant,
840 3490 935 3557 donec
968 3511 1057 3557 suum
1095 3492 1237 3574 expleant
1267 3491 1414 3559 cilicium.

170 3597 267 3662 iidem
290 3598 414 3680 parochi
438 3600 471 3662 et
494 3615 660 3679 praecones
684 3596 768 3662 verbi
792 3597 848 3660 Dei
872 3598 976 3661 crebro
1001 3597 1158 3674 moneant,
1180 3595 1275 3661 sacris
1299 3595 1413 3661 consti·

171 3701 360 3778 tutiouibus,
393 3705 424 3765 et
456 3703 589 3784 septima
618 3702 799 3785 praesertim
830 3701 940 3766 Leonis
968 3701 1006 3768 X.
1034 3701 1118 3766 edita
1141 3702 1170 3764 in
1196 3700 1332 3766 Concilio
1355 3701 1415 3765 La-

172 3806 324 3869 teraueusi
351 3805 386 3885 V,
419 3806 622 3871 saluberrime
645 3809 798 3870 statutum
823 3805 916 3870 tuisse
940 3807 975 3868 ut
998 3809 1061 3870 tarn
1087 3805 1297 3889 ludimagistri
1321 3805 1413 3868 disci·

170 3910 258 3993 pulos
279 3928 366 3988 suos,
397 3929 489 3994 quarn
515 3910 583 3993 piae
608 3910 760 3974 foeminae
783 3910 903 3992 puellas
926 3909 1141 3986 instituentes,
1165 3929 1239 3974 sarra
1262 3912 1294 3973 et
1316 3907 1414 3973 incor-

169 4019 262 4097 rupta
292 4014 433 4079 doctriua
465 4014 557 4098 (quod
590 4015 652 4079 Nos
681 4014 879 4078 vehementer
901 4015 1079 4098 urgemus),
1109 4016 1268 4096 tamquam
1302 4013 1415 4095 pabulo

171 4118 262 4197 vitas,
291 4119 432 4184 nutriant
454 4122 486 4184 et
509 4119 691 4183 confirment
703 4120 739 4203 ⁴).

274 4226 325 4290 15.
356 4223 507 4304 Quoniam
532 4226 638 4287 autem
663 4222 762 4287 multa
786 4242 802 4286 e
825 4222 1083 4288 catechismorurn
1114 4223 1265 4287 uarietate
1296 4221 1414 4304 profici-

169 4331 298 4393 scuntur
321 4327 570 4412 incommodal),
605 4327 809 4410 praecipimus
845 4332 879 4391 ut
914 4327 1000 4408 pueri
1035 4327 1174 4392 doctrina
1209 4326 1414 4392 instituantur

275 4483 301 4552 1)
318 4483 389 4539 Dan.
408 4445 483 4549 Xff,
495 4483 520 4540 3.
547 4511 574 4521 -
595 4483 623 4552 ⁸2)
642 4483 740 4539 Beued.
760 4483 849 4549 xlv..
868 4482 961 4541 Goust.
980 4483 1026 4539 eit.
1050 4511 1084 4522 -
1107 4483 1135 4553 3)
1154 4483 1235 4539 Eccli.
1250 4481 1344 4547 XXX,
1366 4481 1415 4545 18..

169 4571 246 4626 Pxor.
266 4570 340 4634 XIX,
361 4571 409 4635 18,
432 4569 500 4640 idph.
519 4571 566 4636 VI,
584 4572 609 4627 4.
626 4574 655 4626 et
672 4569 739 4625 alibi
759 4570 869 4640 passim.
888 4599 922 4609 -·
938 4571 966 4639 4)
989 4569 1088 4626 Beued.
1109 4569 1191 4636 xlv..
1209 4569 1300 4627 Ooust.
1315 4570 1361 4624 eit.
1380 4599 1413 4608 -

168 4657 197 4727 5)
211 4655 296 4714 clem.
313 4657 401 4724 xllx,
419 4655 511 4713 Ooust
533 4659 692 4713 Dosntrclci
712 4662 792 4729 apra
