3275 4917
500 278 576 334 Pars
595 281 748 335 secanda.-
769 278 813 335 De
831 281 1047 352 socromcrrffr.
1327 260 1391 325 450

146 453 336 538 praepositis,
361 452 647 537 archipresbyteris,
671 451 822 537 parochis,
843 452 1045 519 ecclesiarum
1066 452 1244 531 rectoribus,
1269 452 1392 519 vicariis

147 558 279 623 lorensis
308 556 440 641 aliisque
470 556 568 622 Nobis
600 557 737 640 probatis
767 556 980 623 sacerdotibus
1003 556 1035 621 io
1054 556 1159 640 aliqua
1182 556 1393 623 ecclesiastica

147 662 304 745 dignitate
327 661 518 727 constitutis.

254 765 302 831 ll.
341 764 375 829 ln
400 765 542 829 omnibus
566 764 713 847 paroeciis
742 765 828 829 insta
858 764 1107 847 antiquissimam
1139 766 1391 831 consuetudinem

147 869 348 933 benedicatur
369 887 475 931 cereus
499 867 662 950 paschalis,
688 868 847 933 Christum
869 870 1108 951 repraesentans.
1134 868 1390 934 Animadverten-

148 972 220 1036 dum
245 976 294 1037 est
315 975 419 1037 autem
442 972 583 1038 adhiberi
608 991 696 1054 posse
719 991 842 1037 cereum
866 973 994 1036 minoris
1020 990 1180 1037 mensurae
1203 973 1234 1036 io
1257 971 1393 1037 Sabbato

148 1081 254 1141 sancto
277 1075 316 1140 ad
341 1077 535 1159 praeconium
559 1094 612 1159 pro
635 1076 855 1141 commoditate
877 1075 1063 1141 celebrantis
1089 1075 1246 1160 aliumque
1270 1075 1394 1141 maioris

148 1180 292 1263 ponderis
315 1178 393 1245 alias
419 1179 615 1245 benedictum
643 1179 769 1245 accendi
796 1180 828 1245 in
851 1180 901 1245 die
926 1180 1090 1245 Paschatis
1113 1181 1145 1245 et
1168 1184 1234 1245 toto
1255 1185 1393 1263 tempore

147 1284 287 1366 paschali
301 1284 337 1368 ¹).

257 1389 304 1457 12.
335 1388 463 1452 Perochi
488 1389 663 1472 quotannis,
685 1407 754 1453 oum
776 1388 958 1453 solemnitas
981 1388 1136 1471 paschalis
1158 1389 1392 1472 appropinquat,

148 1490 289 1574 singutas
324 1490 576 1574 parochianorum
610 1492 718 1556 domus
755 1493 883 1557 visitent
918 1511 1046 1576 easque,
1081 1496 1114 1555 et
1146 1491 1271 1575 quidem
1309 1496 1392 1559 iuxta

149 1595 313 1661 formulam
338 1596 473 1661 Ritualis
495 1597 623 1675 romani,
647 1596 841 1663 benedicant.

254 1700 302 1765 13.
340 1698 491 1783 Quoniam
522 1699 620 1765 Nobis
651 1720 669 1764 a
700 1718 822 1766 summo
853 1700 1002 1766 Pontifice
1024 1718 1168 1765 concessa
1189 1702 1237 1765 est
1260 1702 1393 1768 facultas

147 1802 345 1885 impertiendi
375 1803 619 1869 benedictionem
649 1822 718 1869 cum
748 1804 887 1888 plenaria
910 1804 1106 1888 induigentia
1127 1803 1269 1868 fidelibus
1292 1794 1393 1871 in'ar·

149 1906 244 1972 ticolo
269 1908 376 1973 mortis
401 1906 580 1973 constitutis
603 1926 673 1973 cnm
698 1910 854 1991 potestate
873 1909 940 1973 eius
962 1908 1033 1973 aliis
1054 1907 1261 1993 delegandae,
1289 1911 1393 1995 gregis

150 2012 249 2076 Nobis
272 2011 427 2076 commissi
451 2012 546 2076 saluti
570 2012 729 2077 consulere
751 2012 927 2096 cupientes,
950 2014 1093 2078 omnibus
1109 2013 1270 2096 parochis,
1301 2033 1389 2078 oeco-

151 2116 258 2191 nomis,
283 2116 484 2199 parochorum
509 2116 711 2193 adiutoribus,
736 2118 915 2181 monialium
939 2116 1151 2194 confessariis,
1174 2121 1207 2181 et
1225 2118 1393 2200 capellanis

149 2239 207 2284 non
233 2219 452 2296 residentibus,
485 2221 609 2303 parochi
633 2239 781 2285 consensu
802 2220 1024 2298 exercendam,
1047 2220 1186 2285 eamdem
1212 2222 1391 2286 facultatem

149 2322 338 2406 delegamus.
373 2323 428 2389 leti
453 2325 557 2406 itaque
577 2324 831 2390 christifidelibus
854 2325 886 2389 iu
908 2327 1019 2391 mortis
1037 2324 1178 2398 articulo,
1203 2342 1272 2388 vers
1289 2326 1390 2407 poeni·

149 2429 288 2492 tentibus
311 2432 343 2492 et
364 2426 510 2492 confessis
534 2446 569 2491 ac
587 2446 676 2492 sacra
699 2428 921 2494 communione
945 2428 1085 2507 refectis,
1115 2428 1162 2493 vel
1185 2432 1338 2513 quaterms
1360 2430 1392 2493 id

150 2532 249 2596 facere
274 2531 477 2614 nequiverint,
502 2532 613 2597 saltem
637 2533 780 2597 contritis
805 2551 914 2597 nomen
928 2533 1006 2599 Jesu
1021 2551 1083 2610 ore,
1106 2534 1131 2597 si
1155 2534 1321 2615 potuerint,
1345 2534 1391 2598 sio

150 2634 266 2712 minus,
298 2635 389 2700 corde
411 2635 519 2701 devote
541 2636 773 2715 invocantibus,
801 2640 834 2701 et
855 2640 984 2703 mortem
1009 2640 1167 2720 tamqnam
1192 2639 1311 2720 peccati
1334 2639 1391 2702 sti-

149 2739 292 2821 pendium
316 2739 353 2805 dc
377 2759 468 2805 manu
493 2739 619 2806 Domini
642 2741 774 2823 patienti
797 2746 891 2825 atque
912 2742 1007 2807 alacri
1023 2743 1126 2806 animo
1141 2742 1389 2824 suscipientibus,

150 2842 337 2924 praedictam
376 2844 619 2909 benedictionem
659 2864 729 2911 cum
764 2844 904 2928 plenaria
940 2846 1077 2910 omnium
1113 2850 1309 2927 peccatorum
1344 2846 1392 2909 in·

148 2946 310 3028 dulgentia
333 2950 363 3013 et
386 2948 583 3024 remissione,
613 2952 736 3013 servata
766 2949 866 3013 forma
890 2948 1051 3013 Benedicti
1075 2948 1158 3015 lllll.
1182 2949 1222 3011 ad
1245 2949 1301 3014 boc
1324 2968 1393 3031 spc-

147 3050 270 3115 cialiter
292 3055 469 3134 praecepta,
496 3050 590 3116 libere
613 3054 645 3115 et
667 3050 753 3116 licite
775 3052 1007 3135 impertiantur.
1049 3052 1135 3132 Quae
1159 3052 1330 3117 benedictio
1353 3054 1391 3118 iis

147 3156 240 3220 etiam
265 3154 332 3218 dari
360 3158 460 3238 potest
488 3156 541 3238 qni
572 3155 770 3238 culpabiliter
800 3156 839 3219 ab
870 3156 1010 3238 incoepto
1042 3157 1148 3221 morbo
1179 3175 1237 3221 non
1269 3157 1393 3221 fuerunt

148 3260 348 3324 sacramentis
377 3258 481 3323 refecti
508 3258 555 3323 vel
592 3259 804 3323 Poenitentiae
836 3260 883 3323 rel
916 3259 1130 3324 Eucharistiae
1159 3260 1207 3324 vel
1238 3262 1393 3324 extremae

152 3362 309 3427 [lectionis
341 3362 387 3427 vel
415 3362 499 3428 unllo
524 3381 646 3439 eorum,
676 3363 840 3447 subitoque
871 3370 1003 3446 vergunt
1033 3364 1071 3429 ad
1103 3364 1275 3428 interitum.
1322 3364 1391 3430 Non

150 3470 249 3550 potest
273 3470 375 3532 tamen
399 3466 430 3530 in
452 3467 560 3531 eadem
582 3465 775 3545 infirmitate,
798 3468 966 3551 eodemque
988 3468 1097 3532 mortis
1121 3468 1255 3551 periculo
1271 3486 1391 3550 perma-

150 3572 249 3645 nente,
275 3572 321 3634 bis
344 3574 398 3635 ant
420 3570 554 3653 amplius
576 3570 738 3654 impertiri.
776 3570 974 3637 Solummodo
996 3572 1102 3636 iterari
1127 3574 1231 3654 potest
1252 3590 1321 3635 cnm
1345 3572 1392 3636 in·

151 3674 265 3752 firmus,
290 3676 451 3758 postquam
469 3673 669 3753 convaluerit,
689 3675 800 3740 iterum
818 3674 850 3740 io
868 3674 976 3741 mortis
993 3675 1127 3758 periculo
1142 3675 1392 3755 constituatnr¹).

525 3846 603 3931 Gap.
631 3848 693 3915 XI.
728 3848 780 3914 De
800 3848 1016 3933 indolpcatis's.

256 3986 282 4050 l.
306 3985 443 4051 Ecclesia
465 3986 682 4052 inexhaustum
705 3986 798 4051 habet
822 3985 1003 4051 thesaurum
1026 3986 1193 4051 conflatum
1209 4006 1245 4051 er
1262 3987 1393 4052 induitis

151 4090 267 4154 meritis
291 4093 322 4154 ct
341 4089 607 4154 satisfactionibus
632 4089 758 4166 Christi,
782 4109 818 4154 ex
841 4090 961 4155 meritis
984 4090 1095 4156 beatae
1122 4090 1259 4175 Virginis
1277 4093 1394 4157 Mariae

149 4196 179 4257 et
203 4193 339 4257 omnium
364 4192 564 4271 Sanctorum,
601 4194 681 4258 uude
714 4194 868 4276 depromit
898 4194 1130 4277 indulgentias,
1165 4180 1277 4277 quihus
1308 4196 1394 4261 insta

150 4303 265 4361 certam
289 4296 460 4364 doctrinam
481 4298 667 4363 catholicam
688 4297 822 4363 remittit
845 4316 957 4380 poenas
979 4298 1164 4381 temporales
1183 4318 1236 4382 pro
1259 4303 1393 4382 peccetis

149 4401 371 4483 personalibus,
401 4402 501 4487 quoad
529 4402 653 4485 culpam
684 4402 840 4482 remissis,
871 4402 1095 4486 persolvendas.
1152 4402 1393 4470 Sacramentalis

250 4608 276 4677 1)
295 4608 321 4665 S.
334 4609 406 4666 EC.
424 4610 465 4666 15.
480 4609 553 4683 Sept.
568 4611 644 4669 1753.
662 4638 697 4650 -
714 4610 741 4680 2)
762 4610 790 4669 S.
802 4611 835 4665 Pa
847 4614 874 4667 c.
886 4610 929 4666 26.
944 4610 1106 4682 Sophitis,
1123 4612 1151 4665 ct
1164 4611 1206 4665 24.
1223 4610 1298 4679 Sept.
1313 4612 1392 4668 1858.

1220 4718 1290 4782 30*
