3275 4917
590 301 670 364 Para
686 311 812 379 prima:
833 308 877 364 De
894 299 980 364 Fide.
1171 253 1175 260 ¹
1343 275 1407 345 233

162 485 271 549 curant
301 483 425 568 quosvis
456 482 550 548 libros
576 481 614 546 de
643 482 735 546 rebus
767 481 864 546 sacris
899 483 1043 563 (quorum
1065 483 1186 545 nomine
1207 486 1257 552 hic
1278 489 1408 555 veniunt

162 591 286 654 tautum
313 607 418 653 sacrae
446 587 623 670 Scripturas
647 586 719 650 libri
748 602 915 668 eorumque
946 584 1161 650 adnotationes
1191 591 1224 654 et
1250 609 1406 659 commen·

161 693 280 773 taria1)
308 692 374 757 sine
401 693 523 757 nomine
545 691 691 756 auctoris.
737 689 815 771 »Qui
838 692 942 755 autem
966 688 1081 772 scripto
1105 709 1156 756 eos
1179 696 1411 762 communicant

162 797 210 862 rel
230 796 389 880 evulgaret,
414 796 473 860 nisi
497 797 589 860 antea
611 794 781 860 examinati
804 793 988 878 probatique
1010 792 1144 872 inerint,
1165 797 1280 864 eisdem
1306 801 1411 882 poeuis

163 900 342 966 subiaceant
368 901 480 982 quibus
509 900 716 982 impressuras.
762 899 802 962 Et
832 897 885 982 qui
912 917 962 962 eos
993 897 1159 965 habuerint
1189 900 1238 966 rel
1267 903 1411 987 legerint,

164 1005 222 1070 nisi
246 1004 437 1088 prodiderint
460 1006 610 1081 auctores,
635 1021 689 1086 pro
711 1002 891 1067 auctoribus
915 1002 1090 1068 habeantur
1103 1005 1160 1088 ¹).‹

269 1118 318 1182 10.
348 1116 454 1198 Quoad
477 1117 555 1181 alios
578 1115 672 1180 libros
695 1134 775 1191 raro,
800 1132 890 1180 nemo
914 1116 1027 1179 audeat
1052 1114 1150 1180 allum
1176 1117 1333 1202 religionis
1356 1138 1408 1186 ca·

164 1222 349 1285 techisrnnnr
370 1223 426 1284 aut
446 1219 531 1283 aliud
554 1220 705 1302 scriptum
721 1219 758 1283 de
779 1218 848 1296 lide,
873 1217 919 1283 rel
936 1218 973 1283 de
991 1219 1135 1297 moribus,
1161 1222 1209 1285 nel
1226 1221 1264 1287 de
1280 1222 1411 1308 liturgia

165 1327 405 1408 pertractantem
430 1325 512 1408 typis
536 1323 644 1400 edere,
675 1323 750 1407 quin
781 1322 866 1406 prius
890 1321 930 1386 ab
954 1323 1103 1406 Episcopo
1127 1325 1175 1388 rel
1198 1325 1264 1390 eius
1289 1327 1408 1394 Vicerio

164 1429 301 1514 generali
336 1427 505 1493 obtinuerit
537 1426 705 1492 licentiam.
759 1425 889 1493 clericis
924 1429 1027 1492 autern
1062 1429 1202 1492 vetamus
1231 1431 1404 1512 quemlibet

162 1535 246 1618 typis
269 1535 357 1598 edere
380 1533 512 1608 librum,
543 1532 618 1616 quin
647 1531 733 1615 prius
765 1532 803 1596 ab
838 1531 1003 1598 Ordinario
1025 1532 1218 1598 examinatus
1241 1536 1273 1598 et
1296 1553 1405 1618 appro-

166 1639 258 1703 batus
279 1636 423 1721 fnerit⁸).

270 1751 320 1814 ll.
343 1746 401 1814 Sed
423 1753 459 1812 ut
481 1747 587 1813 fideles
611 1747 706 1812 tidem
725 1749 858 1825 rement,
882 1748 1013 1812 caveant
1036 1746 1131 1812 etiam
1155 1767 1192 1812 ne
1208 1767 1318 1816 nomen
1334 1750 1409 1817 deut

165 1851 258 1914 sectis
280 1850 480 1916 clandestinis
503 1850 649 1934 oniasque
674 1851 825 1930 nominis,
850 1869 920 1915 enm
944 1851 1004 1916 sibi
1027 1850 1112 1934 ipsae
1135 1851 1194 1916 sibi
1219 1855 1407 1936 propositum

167 1954 302 2021 babeant
331 1959 366 2020 ut
394 1955 533 2020 divinam
563 1954 719 2020 Ecclesiae
749 1955 969 2021 auctoritatem
1000 1957 1032 2020 et
1060 1955 1143 2040 leges
1178 1958 1327 2023 acerrime
1359 1977 1413 2042 op·

166 2064 314 2143 pugnent,
332 2059 506 2143 legitimam
520 2059 697 2142 Principum
715 2059 810 2125 etiam
827 2060 1035 2124 saecularium
1047 2061 1232 2142 potestatem
1251 2061 1413 2146 frangant,

166 2164 286 2238 omnia,
316 2182 375 2229 uno
405 2163 514 2238 verbo,
546 2164 614 2228 tum
645 2182 752 2240 sacra,
786 2165 854 2228 tum
883 2163 987 2228 ciuilia
1010 2164 1192 2229 conculcent
1214 2182 1249 2230 ac
1271 2165 1413 2231 funditus

167 2269 316 2335 evertunt.
361 2266 568 2348 Quamobrem
592 2268 702 2332 merito
730 2286 783 2332 eas
805 2268 993 2332 damnarunt
1022 2266 1186 2333 Pontifices
1215 2269 1278 2334 lare
1309 2288 1414 2335 omnes

169 2392 187 2436 a
210 2371 369 2437 Clemente
390 2370 462 2437 Xll.
486 2371 524 2436 ad
549 2372 680 2437 monem
703 2371 791 2436 XllL
837 2372 921 2453 Quos
953 2371 1034 2435 inter
1064 2371 1230 2437 Pontifices
1262 2373 1336 2438 Pius
1359 2373 1414 2441 IX.

169 2477 199 2538 in
225 2495 422 2542 censurarum
447 2476 641 2541 restrictione
663 2475 791 2541 subiicit
812 2475 1122 2541 excommunicationi
1145 2476 1227 2541 latae
1244 2477 1414 2543 sentcntiae

170 2597 290 2643 summo
321 2579 465 2644 Pontifici
493 2583 667 2645 reservatae
704 2598 832 2644 »nomen
861 2579 971 2646 dautes
1001 2583 1105 2645 sectae
1136 2581 1325 2647 massouicae
1361 2583 1416 2648 aut

171 2683 368 2749 carbonariae
390 2686 445 2748 aut
467 2684 537 2749 aliis
559 2684 694 2749 eiusdem
717 2683 840 2768 generis
868 2683 979 2762 sectis,
1012 2703 1091 2766 quae
1113 2687 1222 2750 contra
1246 2685 1415 2752 Ecclesiam

170 2786 217 2853 rel
240 2787 399 2872 legitimas
422 2791 592 2870 potestates
613 2807 667 2853 seu
692 2788 795 2870 palam
818 2806 873 2852 seu
896 2786 1090 2853 clandestine
1107 2789 1335 2870 machinantur,
1360 2809 1415 2854 nee

170 2910 228 2955 non
251 2891 361 2956 iisdem
384 2893 479 2957 sectis
499 2892 637 2958 favorem
659 2892 918 2975 qualemcumque
946 2895 1157 2976 praestantes3
1188 2910 1333 2958 earumve
1360 2912 1412 2958 oc-

169 2996 269 3061 cultos
298 2996 477 3079 coriphaeos
510 2999 542 3062 et
575 2997 668 3062 duces
703 3015 761 3062 non
796 2995 1033 3074 denuntiantes,
1068 2996 1165 3062 donec
1200 3016 1261 3063 non
1296 2997 1415 3062 denan-

171 3099 349 3167 tianerint.«

276 3211 326 3276 12.
359 3213 487 3278 Praeter
515 3211 593 3277 istas
620 3213 784 3278 societates
813 3215 921 3278 extant
953 3216 985 3278 et
1007 3212 1087 3277 aliae
1110 3214 1213 3277 sectae
1236 3211 1411 3296 prohibitae

170 3317 263 3400 atque
286 3317 342 3381 sub
365 3317 471 3401 gravis
495 3315 604 3400 culpae
627 3320 716 3382 reatu
737 3316 897 3382 vitandae:
922 3335 998 3400 quas
1020 3316 1101 3381 inter
1126 3317 1287 3400 praecipue
1307 3335 1414 3381 recen·

170 3421 282 3486 rendae
312 3423 386 3485 sunt
416 3421 490 3486 illae
520 3439 625 3486 ornnes
652 3441 732 3505 quae
755 3440 774 3486 a
797 3421 1004 3486 sectatoribus
1024 3424 1177 3487 secretum
1203 3421 1317 3485 nemini
1342 3441 1416 3503 pan·

172 3523 307 3589 dandum
336 3526 369 3590 et
399 3525 608 3590 omnimodam
640 3525 847 3591 obedientiam
877 3526 1008 3591 occultis
1037 3524 1167 3590 ducibus
1200 3525 1417 3609 praestandam

173 3628 369 3693 iureiurando
392 3629 530 3712 exigunt.
562 3628 688 3694 Alicubi
711 3631 817 3695 autem
841 3631 1037 3712 reperiuntur
1060 3629 1223 3695 societates
1246 3649 1334 3713 qnae,
1358 3629 1418 3695 etsi

173 3733 380 3814 apraedictis
408 3734 580 3817 discrepare
611 3733 791 3813 videantur,
827 3733 938 3799 dubiae
972 3737 1077 3798 tamen
1109 3736 1182 3799 sunt
1218 3737 1250 3799 et
1283 3734 1418 3817 periculo

174 3836 298 3919 plenae,
323 3840 390 3901 tum
413 3838 452 3902 ob
475 3837 631 3903 doctrinas
654 3856 730 3921 quas
752 3837 949 3920 profitentur,
975 3842 1041 3902 tum
1065 3838 1102 3902 ob
1128 3838 1240 3921 agendi
1265 3837 1418 3902 rationem

173 3959 266 4022 quam
290 3940 383 4005 duces
406 3957 510 4005 earum
531 3944 711 4024 sequuntur.
752 3942 802 4006 Ab
826 3941 875 4005 bis
899 3942 994 4006 etiam
1018 3941 1155 4024 parochi,
1177 3942 1416 4017 concionatores,

174 4044 413 4127 patresfamilias
435 4044 566 4127 bonique
587 4065 694 4110 ornnes
714 4046 865 4122 noverint,
891 4044 1030 4110 homines
1045 4063 1264 4129 quoscumque,
1287 4045 1418 4110 maxime

174 4149 400 4226 adolescentes,
424 4148 622 4214 deterrendos
642 4150 674 4214 et
694 4149 841 4215 arcendos
864 4167 948 4227 esse,
971 4152 1004 4215 et
1028 4168 1063 4215 eo
1084 4148 1209 4233 quidam
1228 4148 1417 4234 diligentius,

174 4252 254 4336 quod
285 4255 324 4317 ob
358 4257 513 4319 serratum
548 4254 587 4318 ab
621 4253 736 4318 eisdem
766 4253 934 4338 quamdam
968 4253 1139 4318 honestatis
1170 4253 1320 4336 speciem,
1352 4272 1419 4318 cor-

175 4356 313 4441 ruptelae
347 4358 518 4441 periculum
551 4357 633 4442 ipsos
667 4358 769 4423 latens
799 4357 958 4422 difficilius
986 4357 1149 4441 persentiri
1183 4359 1214 4422 et
1245 4359 1420 4441 praecaveri

177 4461 300 4544 putarit.

279 4643 305 4712 ι)
324 4643 351 4699 s.
370 4641 410 4709 0,
426 4643 470 4699 aa
487 4644 551 4700 nee
565 4646 641 4701 roeo.
662 4673 692 4684 -
711 4643 740 4714 a)
757 4643 837 4701 mnu
850 4644 933 4714 nne,
945 4661 1011 4701 ssu.
1025 4645 1072 4702 era
1090 4673 1124 4687 -
1143 4643 1170 4714 e)
1188 4643 1259 4716 urg.
1271 4643 1297 4698 x
1310 4642 1420 4698 neree

206 4745 300 4793 amatr
314 4746 354 4794 lflr
367 4747 555 4796 Klrolnenraebt.
573 4749 677 4797 mv.
1278 4749 1318 4812 16
