3275 4917
601 299 682 367 Para
699 305 823 382 prem·
845 301 889 367 Dc
910 299 995 367 mec.
1354 293 1414 357 231

170 483 230 549 tihi
252 501 289 550 ex
309 483 453 568 operihus
476 484 569 549 iidem
591 483 763 570 mecm1).‹
804 483 894 548 Fides
918 483 999 547 anim
1024 481 1162 566 perfecta
1179 482 1234 548 illa
1249 483 1296 548 cst
1322 501 1418 567 »qnae

171 607 226 672 per
247 589 435 654 charitatem
457 588 670 675 operatur¹).‹
722 588 762 653 lit
790 607 824 654 re
855 587 980 671 qnidam
1013 605 1102 665 rara,
1136 605 1205 651 curn
1238 585 1321 651 Deua
1351 605 1418 652 eam

171 692 260 758 nohis
282 693 444 759 donaverit
462 697 499 759 ut
523 693 705 778 principium
729 692 920 757 christianae
950 691 1033 757 ritae
1054 693 1086 756 et
1109 690 1343 756 tundamentum
1366 692 1418 770 sit,

172 799 260 881 patet
278 797 376 881 ipsam
400 799 439 862 ah
461 798 604 882 operibus
628 797 755 863 minime
778 797 891 861 dehere
915 795 1045 880 seiungi.
1084 794 1184 875 »Quid
1202 794 1346 878 proderit,
1366 796 1416 860 in·

171 901 241 986 quit
261 903 389 967 sanctus
411 901 551 979 lacobus,
573 903 600 968 si
621 900 713 966 iidem
735 900 805 984 quis
826 901 910 965 dicat
931 919 963 965 se
984 899 1106 978 hahere,
1129 917 1222 983 opera
1237 901 1341 966 autern
1359 918 1419 965 non

173 1005 310 1071 haheat?
352 1005 513 1091 Numquid
543 1007 658 1090 poterit
684 1006 761 1070 tideo
783 1005 906 1070 salvme
928 1007 1026 1069 eum?
1049 1051 1059 1069 .
1082 1051 1089 1068 .
1115 1056 1124 1071 .
1147 1053 1155 1068 .
1179 1003 1285 1082 Fides,
1309 1004 1336 1068 si
1360 1023 1419 1068 non

173 1110 287 1175 haheat
307 1129 409 1194 opera,
432 1113 554 1177 mortua
576 1114 625 1176 est
647 1111 679 1176 in
702 1109 870 1193 semetipsa
882 1107 937 1194 8).«

527 1301 605 1385 Oop.
629 1302 698 1368 ΙΙΙ
734 1301 788 1370 De
806 1305 872 1387 fide
893 1303 1062 1370 sonando.

279 1449 403 1536 l)Non
427 1450 671 1516 sollicitantem
695 1453 731 1516 ut
761 1453 890 1537 quisque
919 1451 1011 1517 fidem
1043 1451 1227 1517 catholicam
1257 1454 1361 1517 teneat
1386 1454 1419 1518 et

172 1553 365 1640 profiteatur,
387 1557 439 1621 sed
459 1575 536 1637 opus
558 1556 607 1620 est
625 1555 719 1621 etiam
737 1557 772 1620 ut
788 1575 855 1621 earn
873 1557 1028 1639 integram
1044 1555 1284 1640 inviolatamque
1299 1559 1417 1634 servot;

173 1659 365 1743 alioquinin
387 1661 549 1724 aeternum
573 1659 693 1741 peribit.
731 1659 820 1743 Quod
844 1663 879 1724 ut
903 1661 1022 1744 assequi
1049 1660 1209 1742 possimus,
1235 1679 1417 1744 magnopere

175 1762 420 1828 adlaborandum
442 1766 506 1840 est;
539 1765 642 1829 nostro
663 1764 744 1827 enirn
768 1782 842 1828 aero
864 1764 1008 1847 congruit
1033 1763 1112 1828 illud
1141 1763 1297 1847 Apostoli:
1332 1765 1419 1829 ›ltrit

175 1870 297 1951 tempus
319 1886 390 1932 curn
410 1886 519 1933 sanam
541 1867 714 1933 doctrinam
738 1886 796 1932 non
814 1868 1043 1946 substinebunt,
1068 1869 1121 1932 sed
1138 1869 1177 1933 ad
1195 1887 1252 1933 sua
1267 1868 1419 1933 desideria

174 1973 399 2037 coacervabunt
419 1972 479 2037 aihi
504 1971 680 2054 magistros,
704 1973 878 2055 prurientes
895 1973 1040 2049 aurihue;
1065 1974 1097 2037 at
1113 1992 1131 2037 a
1147 1972 1279 2037 veritate
1294 1971 1419 2057 quidem

174 2076 316 2142 auditum
340 2079 495 2152 avertent,
524 2075 561 2140 ad
591 2075 714 2141 inhalas
737 2079 841 2141 antem
865 2076 1146 2160 converteremus
1193 2076 1314 2142 Etenim
1345 2096 1419 2161 »per

172 2181 275 2247 orbern
301 2183 431 2265 vagatur
453 2179 509 2245 illa
524 2180 727 2245 rationalismi
743 2199 797 2245 sen
814 2181 1009 2247 natur-alismi
1027 2181 1167 2246 doctrina
1182 2199 1259 2264 quac
1275 2181 1418 2266 religioni

173 2285 376 2365 christianae,
411 2287 518 2369 utpote
551 2285 782 2368 supernaturali
814 2285 979 2364 instituto,
1018 2303 1071 2368 per
1104 2287 1208 2350 omnia
1242 2285 1417 2364 adrermns,

173 2409 293 2455 summo
315 2390 416 2455 studio
439 2389 567 2454 molitur
588 2391 625 2454 nt
648 2388 783 2468 Christo,
806 2390 859 2473 qui
882 2391 965 2455 solua
989 2389 1139 2455 Dominus
1155 2393 1187 2454 et
1202 2387 1344 2455 Salvator
1360 2392 1416 2468 ost,

174 2493 372 2560 arcentibus
396 2494 558 2572 humanis,
588 2514 607 2559 a
630 2494 695 2559 rita
717 2495 749 2559 et
771 2495 909 2559 moribus
933 2494 1112 2578 populorum
1136 2494 1274 2572 excluso,
1299 2513 1417 2560 merum

173 2598 254 2683 quod
278 2601 388 2664 vocant
409 2597 539 2664 rationis
563 2597 611 2663 vel
636 2599 766 2664 naturae
789 2617 919 2684 regnum
942 2597 1171 2683 stabilituri).«

277 2710 307 2775 2.
344 2710 453 2794 ltaque
483 2709 521 2776 ad
553 2710 645 2776 iidem
679 2711 861 2776 servandam
893 2711 1060 2797 plurimum
1094 2711 1212 2778 confert
1245 2731 1313 2776 eam
1347 2730 1416 2776 cum

171 2815 316 2898 operibus
337 2814 523 2899 coniungere
547 2865 554 2879 .
579 2865 586 2880 .
611 2865 619 2881 .

276 2929 305 2994 3.
338 2927 401 2994 llic
430 2946 500 2994 vero
530 2929 837 2994 animadvertendum
871 2931 919 2993 est
946 2928 1116 2994 catholicos
1139 2928 1255 3012 absque
1278 2947 1418 3013 expressa

174 3031 303 3097 Romani
327 3031 487 3098 Pontificio
510 3032 637 3097 licentia
661 3051 717 3097 non
742 3052 828 3115 posse
852 3031 1062 3116 disputatione
1085 3033 1209 3098 formali
1231 3035 1262 3098 ct
1282 3034 1415 3117 publica,

174 3156 227 3203 seu
257 3155 359 3202 eoram
391 3135 502 3219 populo
533 3135 580 3200 rel
611 3134 750 3218 pluribus
781 3135 952 3200 haereticos
983 3137 1015 3200 et
1037 3136 1113 3200 alios
1136 3155 1344 3221 quoscumque
1367 3138 1415 3202 in-

173 3239 313 3306 credulos
343 3239 474 3316 adoriri;
514 3238 621 3322 oquia,
653 3241 688 3303 ut
717 3239 763 3303 ait
790 3258 878 3303 sacra
909 3237 1116 3323 Congregatio
1144 3239 1182 3303 de
1216 3239 1418 3323 Propaganda

173 3344 287 3431 final),
319 3343 498 3427 plerumque
522 3342 569 3408 rel
592 3342 630 3407 oh
654 3341 876 3427 loquacitatem
899 3347 932 3408 et
953 3343 1116 3409 andaciam
1136 3347 1192 3409 ant
1214 3343 1417 3408 circumstan-

174 3447 234 3513 tias
257 3448 361 3533 populi
384 3448 601 3525 acclamantis,
626 3447 757 3524 veritas,
782 3447 920 3513 falsitate
945 3449 1160 3530 praevalente,
1183 3448 1414 3532 opprimittur.‹

174 3551 275 3617 Laicis
305 3555 411 3618 antem
441 3551 624 3636 prohibetur
653 3551 746 3616 etiarn
776 3551 946 3633 disputatio
970 3552 1089 3634 privata
1110 3571 1163 3618 seu
1187 3572 1290 3617 coram
1312 3553 1418 3637 paucis

173 3654 383 3734 auditoribus,
414 3653 440 3718 si
467 3655 524 3720 lint
551 3655 617 3721 sinc
647 3655 791 3738 Episcopi
823 3655 928 3731 venia,
960 3659 1016 3719 ant
1043 3658 1260 3722 extranaeum
1284 3676 1417 3742 magnae

173 3756 321 3822 utilitatis
343 3758 488 3824 inductae
511 3759 751 3826 consuetudinis.

276 3871 307 3935 4.
331 3870 418 3955 Quod
441 3873 466 3936 si
490 3872 706 3938 christifideles
729 3874 767 3938 ah
790 3871 958 3938 incredulis
974 3872 1149 3938 hominihus
1167 3891 1275 3938 cavera
1291 3871 1414 3952 dehent,

173 3975 271 4040 multo
294 3977 396 4059 magis
418 3994 469 4041 eos
492 3995 599 4041 carere
623 3996 744 4042 necessa
767 3981 815 4042 est
839 3997 857 4041 a
879 3977 968 4041 libris
992 3979 1106 4054 noxiis,
1128 3977 1240 4060 qnippe
1267 3976 1357 4059 aqui,
1381 3981 1416 4042 ut

171 4078 217 4143 ait
241 4076 381 4146 onmem
406 4078 510 4147 XIII.
521 4079 557 4164 l),
581 4084 707 4146 manent
729 4083 886 4166 perpetuo,
912 4082 943 4144 at
966 4099 1086 4164 semper
1111 4079 1268 4145 nobiscum
1292 4080 1415 4158 adeunt,

173 4183 330 4248 nobiscum
355 4183 600 4266 peregrinantur,
631 4184 788 4250 nobiscum
809 4184 892 4251 dorni
916 4184 1038 4258 sedent,
1071 4187 1230 4250 eteorum
1254 4187 1417 4267 penetrant

170 4286 314 4352 cubicula
336 4287 374 4350 ad
398 4306 476 4371 quae
498 4289 636 4371 improbo
658 4291 689 4354 et
711 4290 830 4354 occulto
850 4289 969 4354 auctori
994 4289 1097 4354 aditus
1120 4307 1179 4354 non
1204 4292 1353 4371 pateret«

276 4497 303 4563 1)
320 4497 379 4552 Jaa.
393 4497 432 4562 11,
444 4495 485 4553 16.
504 4527 540 4538 -
556 4499 584 4566 2]
595 4498 657 4554 Gal.
669 4497 701 4563 V,
713 4497 737 4553 6.
758 4526 791 4585 -·
809 4497 836 4567 6)
849 4498 908 4554 Jae.
921 4498 957 4562 ll,
972 4498 1012 4564 14,
1025 4499 1068 4554 60.
1084 4497 1203 4568 -4)11.
1216 4497 1286 4553 Tim.
1299 4497 1348 4562 1v‚
1359 4496 1417 4553 64.

172 4612 205 4624 ·-
223 4584 251 4653 5)
268 4582 457 4650 concitatio..
477 4582 569 4641 Cenat.
583 4587 637 4648 cit..
655 4585 685 4639 ln
696 4599 813 4652 procem.
838 4613 868 4624 -·
889 4583 917 4652 6)
936 4583 988 4640 Dic
1002 4583 1026 4640 8.
1040 4585 1120 4641 liert.
1136 4584 1213 4640 1625.
1231 4613 1265 4624 -
1282 4585 1310 4653 ‘ll
1324 4582 1416 4639 Opust

174 4670 371 4727 Christianae
391 4673 599 4742 Reipublicae,
616 4687 660 4726 an.
680 4671 755 4726 1766.
