3275 4917
175 296 299 358 citeras
318 300 543 358 testimoniales
560 314 631 356 arem
648 293 771 357 ereclrs
791 298 846 357 der
863 298 1054 357 ordination
1069 306 1104 357 ln
1117 302 1309 359 Ossterreicla
1354 285 1415 351 129

174 472 799 643 circlicccccccccc
817 472 1416 645 diigitlticdtmtihhdilditi

174 649 270 731 possit
301 648 445 731 produci,
480 646 548 711 ideo
582 647 704 714 nomine
739 645 972 713 ordinariorum
1001 647 1149 713 Austriae
1178 649 1416 715 occidentalium

175 734 349 801 humillime
372 733 527 817 supplico,
555 736 592 800 ιιι
620 733 777 800 Sanctitas
800 734 869 799 Tua
891 734 1059 800 clementer
1082 734 1239 802 declarare
1261 737 1417 820 dignetur,

172 822 254 906 quud
274 820 373 887 menti
397 825 430 886 et
451 820 616 886 intentioni
638 820 859 905 praelaudatae
883 820 1122 887 Constitutionia
1146 822 1180 887 P.
1197 841 1221 888 s.
1239 842 1279 889 m.
1298 822 1346 889 Pii
1363 823 1418 889 lX.

173 906 309 974 satistlat
330 926 384 993 per
406 906 544 973 cautelas
564 910 595 973 et
619 907 893 991 pervestigationes
909 908 940 972 in
957 907 1069 973 nostris
1083 909 1261 993 regionibus
1277 909 1417 975 adhiberi

173 994 292 1071 solitas,
314 994 442 1077 ideoque
465 993 497 1059 in
520 992 660 1060 themate
683 994 787 1060 omitti
811 1013 899 1078 posse
915 994 1170 1060 testimonialium
1188 996 1417 1081 requisitionem

49 1118 52 1123 -
174 1081 302 1146 abillis
328 1079 652 1158 Ordinariiserteris,
685 1080 715 1145 in
746 1100 876 1163 quorum
908 1080 1046 1147 Diocaesi
1077 1101 1131 1165 per
1153 1082 1272 1167 aliquot
1294 1088 1418 1167 tempus

172 1167 333 1233 ordinandi
357 1168 539 1235 commorati
558 1170 642 1234 sunt.

278 1272 340 1338 Pro
361 1290 423 1356 qua
442 1271 548 1356 gratia
569 1274 628 1341 etc.

280 1376 417 1442 Viennae
438 1376 490 1444 25.
516 1373 658 1441 Octobris
682 1376 776 1444 1887.

692 1481 885 1548 Caelestinus
908 1480 1095 1549 cardinalia
1119 1481 1331 1567 Gaaplbauer,

901 1586 1166 1669 archiepiscopus.

174 1741 370 1824 lirlediqunp
383 1742 441 1807 der
459 1742 548 1807 Bittc
561 1763 604 1807 aa
622 1741 672 1809 Se.
689 1737 860 1826 Heiliptea't
874 1761 941 1807 vern
954 1744 1007 1807 25.
1025 1742 1153 1808 October
1169 1746 1257 1808 1887
1271 1741 1412 1825 (ΧΙΙΙ).

220 1880 470 1946 Ειιιίιιθιιιίιιίιιιο
493 1899 529 1946 ac
552 1879 818 1945 Reverendissimc
844 1848 970 1946 Domine
993 1880 1039 1946 Mi
1063 1879 1366 1948 observandissime!

276 2000 362 2083 Quae
386 2003 425 2068 ab
449 2001 626 2068 Eminentia
646 2002 714 2067 Tua
737 2001 819 2066 datis
843 2000 957 2068 litteris
980 2000 1030 2067 die
1052 2004 1104 2072 25.
1121 2001 1265 2068 Octobris
1286 2002 1415 2088 proximi

174 2087 270 2172 elapsi
293 2088 518 2172 postulabatur,
548 2091 584 2153 ut
603 2088 724 2154 scilicet
746 2086 968 2155 Sanctissimae
993 2088 1029 2154 l).
1054 2088 1093 2155 N.
1118 2090 1178 2156 Leo
1200 2088 1290 2155 Xlll.
1315 2089 1417 2155 decla·

174 2193 242 2240 rare
264 2174 455 2258 dignaretur,
487 2194 541 2258 per
562 2194 631 2241 cum
655 2174 829 2259 inquirendi
857 2174 1000 2253 modam,
1029 2195 1119 2260 quern
1147 2176 1312 2253 describis,
1342 2176 1414 2241 drrm

173 2262 279 2345 agitur
301 2262 340 2327 de
361 2262 575 2346 promovendis
603 2262 643 2327 ad
674 2262 812 2329 ordinem
838 2280 906 2339 eos,
938 2262 991 2345 qui
1021 2262 1053 2327 in
1084 2263 1196 2329 alienis
1226 2263 1416 2330 dioecesibus

172 2347 353 2416 commorati
376 2348 502 2426 luerim,
522 2348 668 2415 satisfieri
692 2350 732 2415 ab
753 2350 912 2433 ilpiscopis
929 2348 1076 2414 hustriue
1095 2349 1298 2417 occidentalis
1318 2351 1416 2415 menti

173 2438 206 2502 et
227 2435 391 2501 intentioni
414 2434 611 2519 Apostolicae
634 2433 871 2502 Constitutiouis
893 2453 917 2501 s.
943 2454 983 2501 m.
1008 2435 1057 2501 Pii
1083 2436 1157 2513 IX..
1187 2456 1266 2522 quae
1288 2436 1416 2520 incipitr

173 2522 372 2604 apostolicae
393 2522 495 2599 Sedis,
520 2541 556 2587 ac
580 2522 703 2606 proinde
726 2522 830 2587 omitti
854 2539 942 2606 posse
965 2522 1223 2589 testimonialium
1241 2524 1414 2607 requisitio·

175 2629 243 2673 nem
266 2609 305 2673 ab
328 2607 500 2676 Ordinariis
522 2609 646 2674 illarum
668 2607 863 2687 dioecesium,
894 2608 968 2761 guin
991 2608 1166 2675 incurratur
1187 2610 1345 2695 suspensio
1367 2628 1416 2674 ar·

172 2695 262 2761 ticuli
281 2696 368 2762 tertii
391 2697 529 2780 ejusdem
553 2695 805 2773 constitutionis,
836 2714 873 2761 ea
920 2694 1054 2762 auctitas
1075 2696 1138 2762 Suu
1162 2715 1321 2781 supremae
1344 2697 1417 2762 huic

172 2781 202 2849 S.
226 2781 330 2849 Officii
353 2782 596 2869 congregationi
619 2781 817 2868 expendenda
839 2782 1011 2849 mandarit.

280 2886 372 2952 Porro
396 2885 639 2953 Eminentissimi
663 2886 774 2951 Patres
799 2886 980 2953 cardinales
998 2906 1061 2953 una
1075 2907 1194 2954 mecum
1210 2886 1413 2971 Inquisitores

172 2972 343 3058 generales,
366 2975 403 3039 ut
425 2993 480 3058 par
502 2976 558 3051 est,
585 2993 618 3038 re
640 2973 719 3039 serio
742 2972 968 3058 diligenterque
989 2993 1148 3059 perpensa,
1171 2974 1413 3057 respondendum

173 3061 374 3140 censuerunt,
397 3080 461 3127 aaa
484 3059 647 3143 expedire,
667 3061 700 3125 ot
720 3059 887 3126 hortandos
909 3059 1000 3126 istius
1024 3060 1157 3145 regionis
1180 3060 1357 3146 Episcopus,
1379 3064 1417 3127 nt

173 3148 205 3212 iu
228 3148 319 3212 tanta
342 3165 460 3213 morum
476 3146 669 3231 corruptione
685 3145 893 3229 alacriusque
909 3145 1012 3212 studio
1029 3166 1064 3212 ac
1080 3146 1244 3229 diligentia
1260 3147 1415 3231 inquirere

171 3233 304 3317 pergant
325 3233 356 3297 in
378 3250 477 3299 rueres
501 3237 534 3300 et
556 3232 725 3317 qualitates
753 3231 993 3298 ordinandorum
1020 3234 1052 3298 et
1081 3232 1188 3299 sedulo
1217 3234 1341 3311 cureat,
1375 3252 1412 3297 ne

171 3319 296 3403 parochi
318 3319 580 3403 praetermittant,
601 3338 681 3405 quae
702 3322 795 3385 cauta
815 3320 888 3385 sunt
911 3337 962 3402 per
985 3317 1075 3387 Ocno.
1099 3318 1183 3387 Trid.
1209 3318 1414 3387 sessxlllll.

171 3426 238 3491 cap.
262 3406 299 3472 de
322 3406 454 3473 Reform.
503 3408 539 3472 ln
569 3406 673 3491 aliquo
701 3410 807 3473 autem
836 3424 911 3473 casu
943 3405 1140 3489 particulari,
1175 3408 1206 3473 in
1236 3425 1297 3490 qua
1331 3405 1414 3470 adsit

173 3493 276 3573 grauis
297 3491 468 3559 difficultas
491 3492 625 3560 habendi
647 3492 891 3567 testimoniales,
917 3491 1083 3559 dummodo
1107 3492 1231 3559 aliunde
1255 3492 1413 3558 moraliter

173 3584 257 3645 certo
285 3582 405 3646 constet
431 3581 470 3646 de
499 3580 668 3647 idoneitate
689 3578 944 3657 ordinandorum,
975 3578 1195 3647 Sanctissimus
1219 3577 1256 3649 D.
1280 3580 1319 3647 N.
1342 3599 1412 3664 spe-

172 3666 281 3733 cialem
317 3667 498 3733 facultatem
531 3667 571 3733 iis
605 3667 745 3734 concedit
781 3667 822 3732 ad
856 3666 1038 3734 decennium
1071 3665 1247 3734 conterendi
1282 3665 1414 3732 Ordines

174 3754 290 3838 absque
308 3752 401 3821 dictis
423 3753 694 3821 testimonialibus.

279 3858 369 3923 Hanc
397 3856 723 3925 Eminentissimcrum
753 3856 885 3924 Petrum
917 3854 1134 3923 resolutionem
1166 3852 1324 3922 Sanctitas
1354 3857 1416 3923 Suri
1488 3855 1494 3865 '

173 3943 341 4027 adprobare
363 3946 395 4009 et
417 3944 607 4028 praedictam
628 3944 808 4010 laenitatem
832 3942 995 4010 concedere
1017 3942 1148 4027 dignata
1169 3944 1227 4008 est

276 4048 356 4113 Mihi
380 4067 459 4123 vcro,
482 4048 555 4115 dum
579 4050 654 4114 haec
678 4048 871 4114 limincntiae
888 4047 973 4113 Tuae
989 4045 1139 4131 significo,
1161 4048 1340 4130 pergratum
1357 4050 1416 4127 est,

173 4134 326 4219 impensos
347 4134 485 4219 obsequii
509 4134 567 4202 mei
591 4154 700 4201 seuam
723 4135 823 4200 eidem
839 4134 1022 4219 patefacere,
1044 4133 1093 4198 cui
1109 4152 1219 4197 manus
1238 4133 1413 4200 humillime

173 4222 304 4288 moulon
856 4307 1050 4375 Eminentiae
1073 4306 1158 4373 'luae
1273 4260 1275 4265 Ι

642 4411 835 4478 humillimus
858 4414 889 4477 et
912 4410 1269 4478 addictissimns'serrus
1293 4430 1383 4476 verns

219 4518 345 4596 Romae,
361 4517 411 4583 die
427 4518 478 4584 27.
495 4517 613 4601 Aprilis
627 4516 722 4584 1888.
836 4514 877 4582 it.
902 4516 997 4583 cord.
1021 4516 1165 4584 Monam.

203 4734 296 4782 Archiv
311 4734 350 4783 rm
366 4734 555 4783 Kiralrrnrssht.
572 4735 675 4783 LXXV.
1293 4732 1312 4792 9
