<?xml version="1.0" encoding="UTF-8"?>
<!DOCTYPE html PUBLIC "-//W3C//DTD XHTML 1.0 Transitional//EN"
    "http://www.w3.org/TR/xhtml1/DTD/xhtml1-transitional.dtd">
<html xmlns="http://www.w3.org/1999/xhtml" xml:lang="en" lang="en">
 <head>
  <title>
</title>
<meta http-equiv="Content-Type" content="text/html;charset=utf-8" />
  <meta name='ocr-system' content='tesseract 3.04.00' />
  <meta name='ocr-capabilities' content='ocr_page ocr_carea ocr_par ocr_line ocrx_word'/>
</head>
<body>
  <div class='ocr_page' id='page_1' title='image "./archivfrkatholi16unkngoog_0254.png"; bbox 0 0 3275 4917; ppageno 0'>
   <div class='ocr_carea' id='block_1_1' title="bbox 500 289 1403 366">
    <p class='ocr_par' dir='ltr' id='par_1_1' title="bbox 500 289 1403 366">
     <span class='ocr_line' id='line_1_1' title="bbox 500 289 1403 366; baseline -0.004 -5"><span class='ocrx_word' id='word_1_1' title='bbox 500 307 579 364; x_wconf 83' lang='lat' dir='ltr'><strong>Pure</strong></span> <span class='ocrx_word' id='word_1_2' title='bbox 599 310 754 365; x_wconf 62' lang='lat' dir='ltr'><strong>scandas</strong></span> <span class='ocrx_word' id='word_1_3' title='bbox 775 309 819 364; x_wconf 84' lang='lat' dir='ltr'><strong>Dc</strong></span> <span class='ocrx_word' id='word_1_4' title='bbox 837 313 1054 366; x_wconf 68' lang='lat' dir='ltr'><strong>sacramentis.</strong></span> <span class='ocrx_word' id='word_1_5' title='bbox 1338 289 1403 358; x_wconf 75' lang='grc'><strong>249</strong></span> 
     </span>
    </p>
   </div>
   <div class='ocr_carea' id='block_1_2' title="bbox 156 479 1407 1504">
    <p class='ocr_par' dir='ltr' id='par_1_2' title="bbox 156 479 1402 668">
     <span class='ocr_line' id='line_1_2' title="bbox 156 479 1402 567; baseline 0.001 -21"><span class='ocrx_word' id='word_1_6' title='bbox 156 479 287 563; x_wconf 86' lang='lat' dir='ltr'><strong>perituri</strong></span> <span class='ocrx_word' id='word_1_7' title='bbox 308 479 391 558; x_wconf 83' lang='lat' dir='ltr'><strong>siut,</strong></span> <span class='ocrx_word' id='word_1_8' title='bbox 414 498 451 545; x_wconf 91' lang='lat' dir='ltr'><strong>ea</strong></span> <span class='ocrx_word' id='word_1_9' title='bbox 473 499 491 545; x_wconf 90' lang='lat' dir='ltr'><strong>e</strong></span> <span class='ocrx_word' id='word_1_10' title='bbox 513 482 621 547; x_wconf 86' lang='lat' dir='ltr'><strong>contra</strong></span> <span class='ocrx_word' id='word_1_11' title='bbox 642 480 795 559; x_wconf 89' lang='lat' dir='ltr'><strong>admissa,</strong></span> <span class='ocrx_word' id='word_1_12' title='bbox 826 481 977 547; x_wconf 83' lang='lat' dir='ltr'><strong>salvanda</strong></span> <span class='ocrx_word' id='word_1_13' title='bbox 998 481 1041 546; x_wconf 86' lang='lat' dir='ltr'><strong>sit</strong></span> <span class='ocrx_word' id='word_1_14' title='bbox 1062 482 1180 560; x_wconf 85' lang='lat' dir='ltr'><strong>mutor,</strong></span> <span class='ocrx_word' id='word_1_15' title='bbox 1210 481 1329 548; x_wconf 82' lang='lat' dir='ltr'><strong>infante</strong></span> <span class='ocrx_word' id='word_1_16' title='bbox 1351 501 1402 567; x_wconf 90' lang='lat' dir='ltr'><strong>pe-</strong></span> 
     </span>
     <span class='ocr_line' id='line_1_3' title="bbox 158 584 337 668; baseline -0.022 -20"><span class='ocrx_word' id='word_1_17' title='bbox 158 584 337 668; x_wconf 79' lang='lat' dir='ltr'><strong>reuut01).‹</strong></span> 
     </span>
    </p>

    <p class='ocr_par' dir='ltr' id='par_1_3' title="bbox 157 688 1405 1297">
     <span class='ocr_line' id='line_1_4' title="bbox 261 688 1402 773; baseline 0.002 -19"><span class='ocrx_word' id='word_1_18' title='bbox 261 691 291 756; x_wconf 82' lang='grc'><strong>5.</strong></span> <span class='ocrx_word' id='word_1_19' title='bbox 315 688 385 753; x_wconf 74' lang='lat' dir='ltr'><strong>liilii</strong></span> <span class='ocrx_word' id='word_1_20' title='bbox 406 707 442 754; x_wconf 87' lang='lat' dir='ltr'><strong>ex</strong></span> <span class='ocrx_word' id='word_1_21' title='bbox 463 689 668 766; x_wconf 86' lang='lat' dir='ltr'><strong>matrimonio,</strong></span> <span class='ocrx_word' id='word_1_22' title='bbox 689 690 737 755; x_wconf 92' lang='lat' dir='ltr'><strong>uti</strong></span> <span class='ocrx_word' id='word_1_23' title='bbox 759 693 881 769; x_wconf 82' lang='lat' dir='ltr'><strong>uocant,</strong></span> <span class='ocrx_word' id='word_1_24' title='bbox 905 690 990 756; x_wconf 88' lang='lat' dir='ltr'><strong>cirili</strong></span> <span class='ocrx_word' id='word_1_25' title='bbox 1011 689 1086 768; x_wconf 83' lang='lat' dir='ltr'><strong>uati,</strong></span> <span class='ocrx_word' id='word_1_26' title='bbox 1111 689 1270 773; x_wconf 76' lang='lat' dir='ltr'><strong>illegitimi</strong></span> <span class='ocrx_word' id='word_1_27' title='bbox 1285 690 1402 756; x_wconf 87' lang='lat' dir='ltr'><strong>habeu-</strong></span> 
     </span>
     <span class='ocr_line' id='line_1_5' title="bbox 157 793 1404 878; baseline 0.002 -20"><span class='ocrx_word' id='word_1_28' title='bbox 157 795 226 870; x_wconf 84' lang='lat' dir='ltr'><strong>tur,</strong></span> <span class='ocrx_word' id='word_1_29' title='bbox 260 795 421 876; x_wconf 83' lang='lat' dir='ltr'><strong>tamqnam</strong></span> <span class='ocrx_word' id='word_1_30' title='bbox 455 813 490 858; x_wconf 85' lang='lat' dir='ltr'><strong>cx</strong></span> <span class='ocrx_word' id='word_1_31' title='bbox 526 793 733 860; x_wconf 74' lang='lat' dir='ltr'><strong>concubinatu</strong></span> <span class='ocrx_word' id='word_1_32' title='bbox 771 795 935 878; x_wconf 74' lang='lat' dir='ltr'><strong>progeniti.</strong></span> <span class='ocrx_word' id='word_1_33' title='bbox 997 793 1099 876; x_wconf 85' lang='lat' dir='ltr'><strong>Quare</strong></span> <span class='ocrx_word' id='word_1_34' title='bbox 1136 795 1263 877; x_wconf 89' lang='lat' dir='ltr'><strong>parochi</strong></span> <span class='ocrx_word' id='word_1_35' title='bbox 1296 795 1328 860; x_wconf 90' lang='lat' dir='ltr'><strong>iu</strong></span> <span class='ocrx_word' id='word_1_36' title='bbox 1359 794 1404 860; x_wconf 88' lang='lat' dir='ltr'><strong>eis</strong></span> 
     </span>
     <span class='ocr_line' id='line_1_6' title="bbox 158 897 1405 983; baseline 0.002 -21"><span class='ocrx_word' id='word_1_37' title='bbox 158 897 352 981; x_wconf 84' lang='lat' dir='ltr'><strong>baptizandis</strong></span> <span class='ocrx_word' id='word_1_38' title='bbox 374 917 408 962; x_wconf 91' lang='lat' dir='ltr'><strong>ss</strong></span> <span class='ocrx_word' id='word_1_39' title='bbox 431 915 538 980; x_wconf 86' lang='lat' dir='ltr'><strong>gerere</strong></span> <span class='ocrx_word' id='word_1_40' title='bbox 560 897 674 963; x_wconf 90' lang='lat' dir='ltr'><strong>debent</strong></span> <span class='ocrx_word' id='word_1_41' title='bbox 697 903 789 983; x_wconf 93' lang='lat' dir='ltr'><strong>prout</strong></span> <span class='ocrx_word' id='word_1_42' title='bbox 810 899 897 964; x_wconf 82' lang='lat' dir='ltr'><strong>iuxta</strong></span> <span class='ocrx_word' id='word_1_43' title='bbox 920 899 1078 982; x_wconf 83' lang='lat' dir='ltr'><strong>legitimos</strong></span> <span class='ocrx_word' id='word_1_44' title='bbox 1100 898 1237 964; x_wconf 90' lang='lat' dir='ltr'><strong>locorum</strong></span> <span class='ocrx_word' id='word_1_45' title='bbox 1258 917 1356 964; x_wconf 86' lang='lat' dir='ltr'><strong>muros</strong></span> <span class='ocrx_word' id='word_1_46' title='bbox 1372 917 1405 965; x_wconf 84' lang='lat' dir='ltr'><strong>ue</strong></span> 
     </span>
     <span class='ocr_line' id='line_1_7' title="bbox 158 1000 1405 1087; baseline 0.002 -21"><span class='ocrx_word' id='word_1_47' title='bbox 158 1006 272 1085; x_wconf 85' lang='lat' dir='ltr'><strong>gerunt</strong></span> <span class='ocrx_word' id='word_1_48' title='bbox 294 1020 369 1085; x_wconf 82' lang='lat' dir='ltr'><strong>erga</strong></span> <span class='ocrx_word' id='word_1_49' title='bbox 390 1000 472 1066; x_wconf 89' lang='lat' dir='ltr'><strong>filios</strong></span> <span class='ocrx_word' id='word_1_50' title='bbox 495 1021 530 1066; x_wconf 80' lang='lat' dir='ltr'><strong>er</strong></span> <span class='ocrx_word' id='word_1_51' title='bbox 553 1003 759 1069; x_wconf 73' lang='lat' dir='ltr'><strong>concubinatu</strong></span> <span class='ocrx_word' id='word_1_52' title='bbox 781 1003 967 1087; x_wconf 87' lang='lat' dir='ltr'><strong>progenitos,</strong></span> <span class='ocrx_word' id='word_1_53' title='bbox 992 1003 1124 1068; x_wconf 82' lang='lat' dir='ltr'><strong>maxime</strong></span> <span class='ocrx_word' id='word_1_54' title='bbox 1145 1004 1183 1080; x_wconf 89' lang='lat' dir='ltr'><strong>si,</strong></span> <span class='ocrx_word' id='word_1_55' title='bbox 1212 1004 1270 1068; x_wconf 95' lang='lat' dir='ltr'><strong>bac</strong></span> <span class='ocrx_word' id='word_1_56' title='bbox 1292 1002 1405 1087; x_wconf 83' lang='lat' dir='ltr'><strong>agendi</strong></span> 
     </span>
     <span class='ocr_line' id='line_1_8' title="bbox 159 1104 1405 1191; baseline 0.002 -21"><span class='ocrx_word' id='word_1_57' title='bbox 159 1107 276 1172; x_wconf 87' lang='lat' dir='ltr'><strong>rationo</strong></span> <span class='ocrx_word' id='word_1_58' title='bbox 296 1105 448 1191; x_wconf 79' lang='lat' dir='ltr'><strong>neglecta,</strong></span> <span class='ocrx_word' id='word_1_59' title='bbox 472 1104 626 1173; x_wconf 89' lang='lat' dir='ltr'><strong>adducere</strong></span> <span class='ocrx_word' id='word_1_60' title='bbox 648 1108 767 1190; x_wconf 79' lang='lat' dir='ltr'><strong>possint</strong></span> <span class='ocrx_word' id='word_1_61' title='bbox 782 1107 927 1191; x_wconf 90' lang='lat' dir='ltr'><strong>populum</strong></span> <span class='ocrx_word' id='word_1_62' title='bbox 944 1107 976 1173; x_wconf 91' lang='lat' dir='ltr'><strong>iu</strong></span> <span class='ocrx_word' id='word_1_63' title='bbox 991 1126 1059 1172; x_wconf 88' lang='lat' dir='ltr'><strong>eam</strong></span> <span class='ocrx_word' id='word_1_64' title='bbox 1076 1107 1248 1190; x_wconf 88' lang='lat' dir='ltr'><strong>opinionem</strong></span> <span class='ocrx_word' id='word_1_65' title='bbox 1267 1111 1302 1172; x_wconf 89' lang='lat' dir='ltr'><strong>ut</strong></span> <span class='ocrx_word' id='word_1_66' title='bbox 1318 1109 1405 1191; x_wconf 90' lang='lat' dir='ltr'><strong>putot</strong></span> 
     </span>
     <span class='ocr_line' id='line_1_9' title="bbox 158 1210 1193 1297; baseline 0.002 -23"><span class='ocrx_word' id='word_1_67' title='bbox 158 1210 350 1294; x_wconf 86' lang='lat' dir='ltr'><strong>praedictum</strong></span> <span class='ocrx_word' id='word_1_68' title='bbox 375 1211 606 1276; x_wconf 84' lang='lat' dir='ltr'><strong>matrimonium</strong></span> <span class='ocrx_word' id='word_1_69' title='bbox 631 1231 736 1276; x_wconf 89' lang='lat' dir='ltr'><strong>rernm</strong></span> <span class='ocrx_word' id='word_1_70' title='bbox 759 1231 827 1278; x_wconf 87' lang='lat' dir='ltr'><strong>essa</strong></span> <span class='ocrx_word' id='word_1_71' title='bbox 850 1214 943 1296; x_wconf 87' lang='lat' dir='ltr'><strong>atque</strong></span> <span class='ocrx_word' id='word_1_72' title='bbox 966 1212 1193 1297; x_wconf 71' lang='lat' dir='ltr'><strong>legitimumrt.</strong></span> 
     </span>
    </p>

    <p class='ocr_par' dir='ltr' id='par_1_4' title="bbox 159 1315 1407 1504">
     <span class='ocr_line' id='line_1_10' title="bbox 262 1315 1405 1400; baseline 0.003 -22"><span class='ocrx_word' id='word_1_73' title='bbox 262 1315 292 1378; x_wconf 88' lang='lat'><strong>6.</strong></span> <span class='ocrx_word' id='word_1_74' title='bbox 317 1315 409 1379; x_wconf 89' lang='lat' dir='ltr'><strong>Pueri</strong></span> <span class='ocrx_word' id='word_1_75' title='bbox 425 1315 596 1380; x_wconf 86' lang='lat' dir='ltr'><strong>infidelium</strong></span> <span class='ocrx_word' id='word_1_76' title='bbox 612 1319 669 1382; x_wconf 88' lang='lat' dir='ltr'><strong>aut</strong></span> <span class='ocrx_word' id='word_1_77' title='bbox 684 1317 909 1383; x_wconf 89' lang='lat' dir='ltr'><strong>haereticorum</strong></span> <span class='ocrx_word' id='word_1_78' title='bbox 927 1316 983 1381; x_wconf 86' lang='lat' dir='ltr'><strong>filii</strong></span> <span class='ocrx_word' id='word_1_79' title='bbox 999 1319 1085 1381; x_wconf 80' lang='lat' dir='ltr'><strong>extra</strong></span> <span class='ocrx_word' id='word_1_80' title='bbox 1102 1316 1209 1381; x_wconf 88' lang='lat' dir='ltr'><strong>mortis</strong></span> <span class='ocrx_word' id='word_1_81' title='bbox 1225 1315 1405 1400; x_wconf 86' lang='lat' dir='ltr'><strong>periculum,</strong></span> 
     </span>
     <span class='ocr_line' id='line_1_11' title="bbox 159 1420 1407 1504; baseline 0.001 -20"><span class='ocrx_word' id='word_1_82' title='bbox 159 1420 281 1484; x_wconf 89' lang='lat' dir='ltr'><strong>etiamsi</strong></span> <span class='ocrx_word' id='word_1_83' title='bbox 305 1438 323 1483; x_wconf 86' lang='lat' dir='ltr'><strong>u</strong></span> <span class='ocrx_word' id='word_1_84' title='bbox 347 1420 529 1502; x_wconf 89' lang='lat' dir='ltr'><strong>parentibus</strong></span> <span class='ocrx_word' id='word_1_85' title='bbox 551 1420 651 1486; x_wconf 84' lang='lat' dir='ltr'><strong>oblati</strong></span> <span class='ocrx_word' id='word_1_86' title='bbox 673 1420 751 1500; x_wconf 83' lang='lat' dir='ltr'><strong>sint,</strong></span> <span class='ocrx_word' id='word_1_87' title='bbox 783 1441 844 1488; x_wconf 86' lang='lat' dir='ltr'><strong>uon</strong></span> <span class='ocrx_word' id='word_1_88' title='bbox 874 1421 1071 1504; x_wconf 76' lang='lat' dir='ltr'><strong>baptizentur</strong></span> <span class='ocrx_word' id='word_1_89' title='bbox 1100 1439 1169 1486; x_wconf 90' lang='lat' dir='ltr'><strong>cum</strong></span> <span class='ocrx_word' id='word_1_90' title='bbox 1197 1420 1228 1485; x_wconf 92' lang='lat' dir='ltr'><strong>iu</strong></span> <span class='ocrx_word' id='word_1_91' title='bbox 1252 1422 1407 1504; x_wconf 83' lang='lat' dir='ltr'><strong>potestate</strong></span> 
     </span>
    </p>
   </div>
   <div class='ocr_carea' id='block_1_3' title="bbox 18 1523 1408 1607">
    <p class='ocr_par' dir='ltr' id='par_1_5' title="bbox 18 1523 1408 1607">
     <span class='ocr_line' id='line_1_12' title="bbox 18 1523 1408 1607; baseline -0.004 -14"><span class='ocrx_word' id='word_1_92' title='bbox 18 1578 24 1593; x_wconf 87' lang='grc'><strong><em>,</em></strong></span> <span class='ocrx_word' id='word_1_93' title='bbox 159 1529 323 1607; x_wconf 88' lang='lat' dir='ltr'><strong>pareutum</strong></span> <span class='ocrx_word' id='word_1_94' title='bbox 345 1523 519 1590; x_wconf 86' lang='lat' dir='ltr'><strong>infidelium</strong></span> <span class='ocrx_word' id='word_1_95' title='bbox 542 1530 598 1590; x_wconf 88' lang='lat' dir='ltr'><strong>aut</strong></span> <span class='ocrx_word' id='word_1_96' title='bbox 618 1525 844 1592; x_wconf 86' lang='lat' dir='ltr'><strong>haereticorum</strong></span> <span class='ocrx_word' id='word_1_97' title='bbox 864 1544 1022 1590; x_wconf 90' lang='lat' dir='ltr'><strong>remanere</strong></span> <span class='ocrx_word' id='word_1_98' title='bbox 1037 1525 1160 1604; x_wconf 80' lang='lat' dir='ltr'><strong>debent,</strong></span> <span class='ocrx_word' id='word_1_99' title='bbox 1185 1543 1241 1590; x_wconf 91' lang='lat' dir='ltr'><strong>uec</strong></span> <span class='ocrx_word' id='word_1_100' title='bbox 1259 1525 1408 1607; x_wconf 85' lang='lat' dir='ltr'><strong>religione</strong></span> 
     </span>
    </p>
   </div>
   <div class='ocr_carea' id='block_1_4' title="bbox 159 1627 1415 4322">
    <p class='ocr_par' dir='ltr' id='par_1_6' title="bbox 159 1627 690 1713">
     <span class='ocr_line' id='line_1_13' title="bbox 159 1627 690 1713; baseline 0 -19"><span class='ocrx_word' id='word_1_101' title='bbox 159 1627 314 1694; x_wconf 84' lang='lat' dir='ltr'><strong>catholica</strong></span> <span class='ocrx_word' id='word_1_102' title='bbox 336 1629 429 1693; x_wconf 90' lang='lat' dir='ltr'><strong>erunt</strong></span> <span class='ocrx_word' id='word_1_103' title='bbox 453 1629 639 1695; x_wconf 86' lang='lat' dir='ltr'><strong>instituendi</strong></span> <span class='ocrx_word' id='word_1_104' title='bbox 652 1629 690 1713; x_wconf 81' lang='lat'><strong>⁸).</strong></span> 
     </span>
    </p>

    <p class='ocr_par' dir='ltr' id='par_1_7' title="bbox 159 1731 1410 2856">
     <span class='ocr_line' id='line_1_14' title="bbox 264 1731 1408 1817; baseline 0.002 -21"><span class='ocrx_word' id='word_1_105' title='bbox 264 1733 295 1797; x_wconf 89' lang='grc'><strong>7.</strong></span> <span class='ocrx_word' id='word_1_106' title='bbox 317 1731 350 1797; x_wconf 87' lang='lat' dir='ltr'><strong>Si</strong></span> <span class='ocrx_word' id='word_1_107' title='bbox 372 1733 521 1798; x_wconf 80' lang='lat' dir='ltr'><strong>baeretici</strong></span> <span class='ocrx_word' id='word_1_108' title='bbox 536 1734 575 1797; x_wconf 89' lang='lat' dir='ltr'><strong>ad</strong></span> <span class='ocrx_word' id='word_1_109' title='bbox 591 1734 777 1799; x_wconf 87' lang='lat' dir='ltr'><strong>catholicam</strong></span> <span class='ocrx_word' id='word_1_110' title='bbox 793 1733 886 1798; x_wconf 84' lang='lat' dir='ltr'><strong>fidem</strong></span> <span class='ocrx_word' id='word_1_111' title='bbox 902 1735 1039 1798; x_wconf 88' lang='lat' dir='ltr'><strong>converti</strong></span> <span class='ocrx_word' id='word_1_112' title='bbox 1056 1733 1162 1812; x_wconf 82' lang='lat' dir='ltr'><strong>velint,</strong></span> <span class='ocrx_word' id='word_1_113' title='bbox 1185 1751 1408 1817; x_wconf 83' lang='lat' dir='ltr'><strong>aquosumque</strong></span> 
     </span>
     <span class='ocr_line' id='line_1_15' title="bbox 160 1836 1407 1921; baseline 0.002 -21"><span class='ocrx_word' id='word_1_114' title='bbox 160 1838 226 1902; x_wconf 94' lang='lat' dir='ltr'><strong>loco</strong></span> <span class='ocrx_word' id='word_1_115' title='bbox 250 1836 298 1900; x_wconf 87' lang='lat' dir='ltr'><strong>rel</strong></span> <span class='ocrx_word' id='word_1_116' title='bbox 318 1856 336 1901; x_wconf 88' lang='lat' dir='ltr'><strong>a</strong></span> <span class='ocrx_word' id='word_1_117' title='bbox 358 1855 551 1921; x_wconf 85' lang='lat' dir='ltr'><strong>quacumque</strong></span> <span class='ocrx_word' id='word_1_118' title='bbox 573 1840 658 1902; x_wconf 89' lang='lat' dir='ltr'><strong>secta</strong></span> <span class='ocrx_word' id='word_1_119' title='bbox 680 1838 821 1914; x_wconf 82' lang='lat' dir='ltr'><strong>ueniant,</strong></span> <span class='ocrx_word' id='word_1_120' title='bbox 852 1837 1068 1921; x_wconf 89' lang='lat' dir='ltr'><strong>inquirendum</strong></span> <span class='ocrx_word' id='word_1_121' title='bbox 1100 1841 1148 1902; x_wconf 94' lang='lat' dir='ltr'><strong>est</strong></span> <span class='ocrx_word' id='word_1_122' title='bbox 1174 1837 1213 1901; x_wconf 91' lang='lat' dir='ltr'><strong>de</strong></span> <span class='ocrx_word' id='word_1_123' title='bbox 1244 1836 1407 1902; x_wconf 85' lang='lat' dir='ltr'><strong>validitate</strong></span> 
     </span>
     <span class='ocr_line' id='line_1_16' title="bbox 162 1940 1409 2025; baseline 0 -19"><span class='ocrx_word' id='word_1_124' title='bbox 162 1940 314 2022; x_wconf 79' lang='lat' dir='ltr'><strong>baptismi</strong></span> <span class='ocrx_word' id='word_1_125' title='bbox 345 1941 378 2005; x_wconf 89' lang='lat' dir='ltr'><strong>iu</strong></span> <span class='ocrx_word' id='word_1_126' title='bbox 408 1941 526 2006; x_wconf 88' lang='lat' dir='ltr'><strong>haeresi</strong></span> <span class='ocrx_word' id='word_1_127' title='bbox 559 1941 599 2006; x_wconf 90' lang='lat' dir='ltr'><strong>ab</strong></span> <span class='ocrx_word' id='word_1_128' title='bbox 629 1941 693 2007; x_wconf 92' lang='lat' dir='ltr'><strong>illis</strong></span> <span class='ocrx_word' id='word_1_129' title='bbox 721 1943 865 2025; x_wconf 89' lang='lat' dir='ltr'><strong>suscepti.</strong></span> <span class='ocrx_word' id='word_1_130' title='bbox 913 1942 1061 2008; x_wconf 88' lang='lat' dir='ltr'><strong>Instituto</strong></span> <span class='ocrx_word' id='word_1_131' title='bbox 1084 1941 1183 2025; x_wconf 84' lang='lat' dir='ltr'><strong>igitur</strong></span> <span class='ocrx_word' id='word_1_132' title='bbox 1214 1941 1246 2006; x_wconf 93' lang='lat' dir='ltr'><strong>iu</strong></span> <span class='ocrx_word' id='word_1_133' title='bbox 1276 1941 1409 2025; x_wconf 81' lang='lat' dir='ltr'><strong>singulis</strong></span> 
     </span>
     <span class='ocr_line' id='line_1_17' title="bbox 159 2045 1410 2131; baseline 0.001 -20"><span class='ocrx_word' id='word_1_134' title='bbox 159 2045 282 2111; x_wconf 90' lang='lat' dir='ltr'><strong>casibus</strong></span> <span class='ocrx_word' id='word_1_135' title='bbox 312 2045 452 2109; x_wconf 83' lang='lat' dir='ltr'><strong>examine</strong></span> <span class='ocrx_word' id='word_1_136' title='bbox 486 2045 579 2131; x_wconf 90' lang='lat' dir='ltr'><strong>(quod</strong></span> <span class='ocrx_word' id='word_1_137' title='bbox 609 2049 696 2111; x_wconf 82' lang='lat' dir='ltr'><strong>extra</strong></span> <span class='ocrx_word' id='word_1_138' title='bbox 727 2046 921 2112; x_wconf 83' lang='lat' dir='ltr'><strong>necessitatis</strong></span> <span class='ocrx_word' id='word_1_139' title='bbox 956 2065 1060 2112; x_wconf 88' lang='lat' dir='ltr'><strong>casnm</strong></span> <span class='ocrx_word' id='word_1_140' title='bbox 1095 2045 1193 2111; x_wconf 87' lang='lat' dir='ltr'><strong>Nobis</strong></span> <span class='ocrx_word' id='word_1_141' title='bbox 1226 2046 1272 2110; x_wconf 89' lang='lat' dir='ltr'><strong>rel</strong></span> <span class='ocrx_word' id='word_1_142' title='bbox 1306 2050 1410 2112; x_wconf 89' lang='lat' dir='ltr'><strong>nostro</strong></span> 
     </span>
     <span class='ocr_line' id='line_1_18' title="bbox 161 2148 1410 2234; baseline 0 -19"><span class='ocrx_word' id='word_1_143' title='bbox 161 2149 284 2216; x_wconf 86' lang='lat' dir='ltr'><strong>Vicario</strong></span> <span class='ocrx_word' id='word_1_144' title='bbox 306 2148 443 2233; x_wconf 83' lang='lat' dir='ltr'><strong>generali</strong></span> <span class='ocrx_word' id='word_1_145' title='bbox 467 2148 641 2215; x_wconf 87' lang='lat' dir='ltr'><strong>iaciendum</strong></span> <span class='ocrx_word' id='word_1_146' title='bbox 665 2150 747 2232; x_wconf 85' lang='lat' dir='ltr'><strong>erit),</strong></span> <span class='ocrx_word' id='word_1_147' title='bbox 770 2151 797 2216; x_wconf 90' lang='lat' dir='ltr'><strong>si</strong></span> <span class='ocrx_word' id='word_1_148' title='bbox 820 2153 1011 2234; x_wconf 89' lang='lat' dir='ltr'><strong>compertum</strong></span> <span class='ocrx_word' id='word_1_149' title='bbox 1029 2149 1122 2215; x_wconf 87' lang='lat' dir='ltr'><strong>inerit</strong></span> <span class='ocrx_word' id='word_1_150' title='bbox 1140 2149 1337 2234; x_wconf 84' lang='lat' dir='ltr'><strong>Baptismum</strong></span> <span class='ocrx_word' id='word_1_151' title='bbox 1354 2152 1410 2215; x_wconf 88' lang='lat' dir='ltr'><strong>aut</strong></span> 
     </span>
     <span class='ocr_line' id='line_1_19' title="bbox 161 2254 1410 2338; baseline 0.002 -20"><span class='ocrx_word' id='word_1_152' title='bbox 161 2255 284 2318; x_wconf 91' lang='lat' dir='ltr'><strong>irritum</strong></span> <span class='ocrx_word' id='word_1_153' title='bbox 308 2256 365 2320; x_wconf 85' lang='lat' dir='ltr'><strong>aut</strong></span> <span class='ocrx_word' id='word_1_154' title='bbox 386 2255 506 2319; x_wconf 88' lang='lat' dir='ltr'><strong>nullum</strong></span> <span class='ocrx_word' id='word_1_155' title='bbox 531 2255 641 2334; x_wconf 86' lang='lat' dir='ltr'><strong>inisse,</strong></span> <span class='ocrx_word' id='word_1_156' title='bbox 673 2255 851 2338; x_wconf 78' lang='lat' dir='ltr'><strong>baptizandi</strong></span> <span class='ocrx_word' id='word_1_157' title='bbox 884 2257 975 2320; x_wconf 89' lang='lat' dir='ltr'><strong>erunt</strong></span> <span class='ocrx_word' id='word_1_158' title='bbox 1005 2254 1165 2320; x_wconf 89' lang='lat' dir='ltr'><strong>absolute:</strong></span> <span class='ocrx_word' id='word_1_159' title='bbox 1200 2254 1225 2319; x_wconf 88' lang='lat' dir='ltr'><strong>si</strong></span> <span class='ocrx_word' id='word_1_160' title='bbox 1257 2273 1327 2322; x_wconf 86' lang='lat' dir='ltr'><strong>roro</strong></span> <span class='ocrx_word' id='word_1_161' title='bbox 1356 2274 1410 2338; x_wconf 92' lang='lat' dir='ltr'><strong>pro</strong></span> 
     </span>
     <span class='ocr_line' id='line_1_20' title="bbox 161 2358 1409 2444; baseline 0.002 -22"><span class='ocrx_word' id='word_1_162' title='bbox 161 2358 309 2441; x_wconf 87' lang='lat' dir='ltr'><strong>temporis</strong></span> <span class='ocrx_word' id='word_1_163' title='bbox 332 2362 389 2423; x_wconf 86' lang='lat' dir='ltr'><strong>aut</strong></span> <span class='ocrx_word' id='word_1_164' title='bbox 410 2359 470 2422; x_wconf 91' lang='lat' dir='ltr'><strong>loci</strong></span> <span class='ocrx_word' id='word_1_165' title='bbox 495 2359 631 2437; x_wconf 82' lang='lat' dir='ltr'><strong>ratione,</strong></span> <span class='ocrx_word' id='word_1_166' title='bbox 655 2360 896 2444; x_wconf 80' lang='lat' dir='ltr'><strong>investigatione</strong></span> <span class='ocrx_word' id='word_1_167' title='bbox 927 2362 1073 2442; x_wconf 85' lang='lat' dir='ltr'><strong>peracta,</strong></span> <span class='ocrx_word' id='word_1_168' title='bbox 1103 2377 1152 2424; x_wconf 89' lang='lat' dir='ltr'><strong>res</strong></span> <span class='ocrx_word' id='word_1_169' title='bbox 1175 2359 1274 2443; x_wconf 88' lang='lat' dir='ltr'><strong>quoad</strong></span> <span class='ocrx_word' id='word_1_170' title='bbox 1299 2359 1409 2424; x_wconf 82' lang='lat' dir='ltr'><strong>validi·</strong></span> 
     </span>
     <span class='ocr_line' id='line_1_21' title="bbox 161 2463 1410 2542; baseline -0.001 -14"><span class='ocrx_word' id='word_1_171' title='bbox 161 2465 259 2528; x_wconf 88' lang='lat' dir='ltr'><strong>tatem</strong></span> <span class='ocrx_word' id='word_1_172' title='bbox 283 2464 339 2528; x_wconf 89' lang='lat' dir='ltr'><strong>aut</strong></span> <span class='ocrx_word' id='word_1_173' title='bbox 361 2463 589 2528; x_wconf 81' lang='lat' dir='ltr'><strong>invalidItutem</strong></span> <span class='ocrx_word' id='word_1_174' title='bbox 613 2464 707 2529; x_wconf 92' lang='lat' dir='ltr'><strong>dubia</strong></span> <span class='ocrx_word' id='word_1_175' title='bbox 730 2467 762 2529; x_wconf 90' lang='lat' dir='ltr'><strong>et</strong></span> <span class='ocrx_word' id='word_1_176' title='bbox 789 2465 908 2528; x_wconf 86' lang='lat' dir='ltr'><strong>incerta</strong></span> <span class='ocrx_word' id='word_1_177' title='bbox 940 2467 1083 2542; x_wconf 82' lang='lat' dir='ltr'><strong>maneat,</strong></span> <span class='ocrx_word' id='word_1_178' title='bbox 1114 2466 1189 2528; x_wconf 91' lang='lat' dir='ltr'><strong>tunc</strong></span> <span class='ocrx_word' id='word_1_179' title='bbox 1218 2464 1275 2527; x_wconf 89' lang='lat' dir='ltr'><strong>snb</strong></span> <span class='ocrx_word' id='word_1_180' title='bbox 1305 2463 1410 2527; x_wconf 87' lang='lat' dir='ltr'><strong>condi·</strong></span> 
     </span>
     <span class='ocr_line' id='line_1_22' title="bbox 161 2566 1410 2650; baseline 0.002 -20"><span class='ocrx_word' id='word_1_181' title='bbox 161 2566 248 2630; x_wconf 89' lang='lat' dir='ltr'><strong>tione</strong></span> <span class='ocrx_word' id='word_1_182' title='bbox 270 2569 303 2632; x_wconf 88' lang='lat' dir='ltr'><strong>et</strong></span> <span class='ocrx_word' id='word_1_183' title='bbox 327 2569 444 2632; x_wconf 91' lang='lat' dir='ltr'><strong>secreto</strong></span> <span class='ocrx_word' id='word_1_184' title='bbox 468 2568 681 2650; x_wconf 67' lang='lat' dir='ltr'><strong>baptizantem</strong></span> <span class='ocrx_word' id='word_1_185' title='bbox 710 2568 837 2633; x_wconf 91' lang='lat' dir='ltr'><strong>demum</strong></span> <span class='ocrx_word' id='word_1_186' title='bbox 864 2567 891 2632; x_wconf 91' lang='lat' dir='ltr'><strong>si</strong></span> <span class='ocrx_word' id='word_1_187' title='bbox 920 2567 1098 2634; x_wconf 87' lang='lat' dir='ltr'><strong>constiterit</strong></span> <span class='ocrx_word' id='word_1_188' title='bbox 1129 2568 1326 2650; x_wconf 83' lang='lat' dir='ltr'><strong>Baptismum</strong></span> <span class='ocrx_word' id='word_1_189' title='bbox 1357 2586 1410 2633; x_wconf 89' lang='lat' dir='ltr'><strong>ra·</strong></span> 
     </span>
     <span class='ocr_line' id='line_1_23' title="bbox 162 2670 1410 2755; baseline 0.001 -20"><span class='ocrx_word' id='word_1_190' title='bbox 162 2671 261 2736; x_wconf 90' lang='lat' dir='ltr'><strong>lidum</strong></span> <span class='ocrx_word' id='word_1_191' title='bbox 283 2670 397 2747; x_wconf 85' lang='lat' dir='ltr'><strong>tuisse,</strong></span> <span class='ocrx_word' id='word_1_192' title='bbox 427 2672 642 2736; x_wconf 88' lang='lat' dir='ltr'><strong>tautummodo</strong></span> <span class='ocrx_word' id='word_1_193' title='bbox 672 2673 711 2737; x_wconf 86' lang='lat' dir='ltr'><strong>ad</strong></span> <span class='ocrx_word' id='word_1_194' title='bbox 743 2671 895 2738; x_wconf 87' lang='lat' dir='ltr'><strong>haeresim</strong></span> <span class='ocrx_word' id='word_1_195' title='bbox 919 2671 1123 2738; x_wconf 87' lang='lat' dir='ltr'><strong>abdicandam</strong></span> <span class='ocrx_word' id='word_1_196' title='bbox 1147 2675 1179 2737; x_wconf 89' lang='lat' dir='ltr'><strong>et</strong></span> <span class='ocrx_word' id='word_1_197' title='bbox 1199 2671 1271 2736; x_wconf 88' lang='lat' dir='ltr'><strong>fidei</strong></span> <span class='ocrx_word' id='word_1_198' title='bbox 1295 2671 1410 2755; x_wconf 85' lang='lat' dir='ltr'><strong>proles·</strong></span> 
     </span>
     <span class='ocr_line' id='line_1_24' title="bbox 162 2774 850 2856; baseline 0.004 -16"><span class='ocrx_word' id='word_1_199' title='bbox 162 2777 280 2840; x_wconf 89' lang='lat' dir='ltr'><strong>sionem</strong></span> <span class='ocrx_word' id='word_1_200' title='bbox 305 2774 478 2839; x_wconf 84' lang='lat' dir='ltr'><strong>faciendam</strong></span> <span class='ocrx_word' id='word_1_201' title='bbox 501 2775 688 2841; x_wconf 89' lang='lat' dir='ltr'><strong>admittendi</strong></span> <span class='ocrx_word' id='word_1_202' title='bbox 709 2779 850 2856; x_wconf 74' lang='lat' dir='ltr'><strong>eruot¹t</strong></span> 
     </span>
    </p>

    <p class='ocr_par' dir='ltr' id='par_1_8' title="bbox 160 2879 1414 4006">
     <span class='ocr_line' id='line_1_25' title="bbox 264 2879 1409 2964; baseline 0.001 -21"><span class='ocrx_word' id='word_1_203' title='bbox 264 2879 294 2943; x_wconf 90' lang='lat'><strong>8.</strong></span> <span class='ocrx_word' id='word_1_204' title='bbox 320 2879 450 2945; x_wconf 84' lang='lat' dir='ltr'><strong>Parochi</strong></span> <span class='ocrx_word' id='word_1_205' title='bbox 474 2879 505 2944; x_wconf 90' lang='lat' dir='ltr'><strong>iu</strong></span> <span class='ocrx_word' id='word_1_206' title='bbox 529 2881 683 2946; x_wconf 83' lang='lat' dir='ltr'><strong>catechesi</strong></span> <span class='ocrx_word' id='word_1_207' title='bbox 705 2881 897 2964; x_wconf 81' lang='lat' dir='ltr'><strong>explananda</strong></span> <span class='ocrx_word' id='word_1_208' title='bbox 919 2880 1065 2964; x_wconf 89' lang='lat' dir='ltr'><strong>populum</strong></span> <span class='ocrx_word' id='word_1_209' title='bbox 1087 2880 1320 2946; x_wconf 86' lang='lat' dir='ltr'><strong>accuratissime</strong></span> <span class='ocrx_word' id='word_1_210' title='bbox 1338 2879 1409 2944; x_wconf 90' lang='lat' dir='ltr'><strong>edo·</strong></span> 
     </span>
     <span class='ocr_line' id='line_1_26' title="bbox 160 2983 1410 3068; baseline -0.002 -20"><span class='ocrx_word' id='word_1_211' title='bbox 160 2985 251 3048; x_wconf 89' lang='lat' dir='ltr'><strong>ceaut</strong></span> <span class='ocrx_word' id='word_1_212' title='bbox 274 2983 312 3048; x_wconf 88' lang='lat' dir='ltr'><strong>de</strong></span> <span class='ocrx_word' id='word_1_213' title='bbox 335 2983 485 3060; x_wconf 78' lang='lat' dir='ltr'><strong>matoria,</strong></span> <span class='ocrx_word' id='word_1_214' title='bbox 518 2983 616 3050; x_wconf 89' lang='lat' dir='ltr'><strong>iorma</strong></span> <span class='ocrx_word' id='word_1_215' title='bbox 647 2984 748 3068; x_wconf 89' lang='lat' dir='ltr'><strong>deque</strong></span> <span class='ocrx_word' id='word_1_216' title='bbox 780 2985 915 3050; x_wconf 89' lang='lat' dir='ltr'><strong>ministri</strong></span> <span class='ocrx_word' id='word_1_217' title='bbox 946 2985 1123 3050; x_wconf 87' lang='lat' dir='ltr'><strong>necessaria</strong></span> <span class='ocrx_word' id='word_1_218' title='bbox 1152 2984 1343 3058; x_wconf 76' lang='lat' dir='ltr'><strong>intention03</strong></span> <span class='ocrx_word' id='word_1_219' title='bbox 1378 2983 1410 3046; x_wconf 90' lang='lat' dir='ltr'><strong>in</strong></span> 
     </span>
     <span class='ocr_line' id='line_1_27' title="bbox 163 3086 1411 3171; baseline -0.001 -20"><span class='ocrx_word' id='word_1_220' title='bbox 163 3087 332 3170; x_wconf 83' lang='lat' dir='ltr'><strong>primisque</strong></span> <span class='ocrx_word' id='word_1_221' title='bbox 355 3087 506 3171; x_wconf 91' lang='lat' dir='ltr'><strong>quomodo</strong></span> <span class='ocrx_word' id='word_1_222' title='bbox 526 3089 559 3153; x_wconf 93' lang='lat' dir='ltr'><strong>iu</strong></span> <span class='ocrx_word' id='word_1_223' title='bbox 582 3107 657 3155; x_wconf 90' lang='lat' dir='ltr'><strong>casu</strong></span> <span class='ocrx_word' id='word_1_224' title='bbox 687 3087 883 3154; x_wconf 84' lang='lat' dir='ltr'><strong>necessitatis</strong></span> <span class='ocrx_word' id='word_1_225' title='bbox 913 3088 970 3152; x_wconf 94' lang='lat' dir='ltr'><strong>hoc</strong></span> <span class='ocrx_word' id='word_1_226' title='bbox 999 3087 1236 3152; x_wconf 87' lang='lat' dir='ltr'><strong>Sacramentum</strong></span> <span class='ocrx_word' id='word_1_227' title='bbox 1267 3086 1327 3151; x_wconf 91' lang='lat' dir='ltr'><strong>rite</strong></span> <span class='ocrx_word' id='word_1_228' title='bbox 1357 3086 1411 3150; x_wconf 87' lang='lat' dir='ltr'><strong>ad·</strong></span> 
     </span>
     <span class='ocr_line' id='line_1_28' title="bbox 163 3191 1411 3274; baseline 0.001 -20"><span class='ocrx_word' id='word_1_229' title='bbox 163 3191 401 3256; x_wconf 87' lang='lat' dir='ltr'><strong>ruinistrandum</strong></span> <span class='ocrx_word' id='word_1_230' title='bbox 424 3192 476 3257; x_wconf 89' lang='lat' dir='ltr'><strong>sit.</strong></span> <span class='ocrx_word' id='word_1_231' title='bbox 493 3191 700 3266; x_wconf 74' lang='lat' dir='ltr'><strong>,Obstetrices</strong></span> <span class='ocrx_word' id='word_1_232' title='bbox 715 3194 819 3257; x_wconf 87' lang='lat' dir='ltr'><strong>autem</strong></span> <span class='ocrx_word' id='word_1_233' title='bbox 837 3191 999 3274; x_wconf 90' lang='lat' dir='ltr'><strong>praecipuo</strong></span> <span class='ocrx_word' id='word_1_234' title='bbox 1015 3191 1063 3258; x_wconf 89' lang='lat' dir='ltr'><strong>his</strong></span> <span class='ocrx_word' id='word_1_235' title='bbox 1079 3191 1221 3258; x_wconf 90' lang='lat' dir='ltr'><strong>omuibus</strong></span> <span class='ocrx_word' id='word_1_236' title='bbox 1238 3191 1411 3256; x_wconf 89' lang='lat' dir='ltr'><strong>instructae</strong></span> 
     </span>
     <span class='ocr_line' id='line_1_29' title="bbox 161 3295 1413 3380; baseline -0.001 -21"><span class='ocrx_word' id='word_1_237' title='bbox 161 3315 228 3360; x_wconf 89' lang='lat' dir='ltr'><strong>esse</strong></span> <span class='ocrx_word' id='word_1_238' title='bbox 250 3295 381 3374; x_wconf 86' lang='lat' dir='ltr'><strong>debout;</strong></span> <span class='ocrx_word' id='word_1_239' title='bbox 410 3315 506 3380; x_wconf 87' lang='lat' dir='ltr'><strong>quare</strong></span> <span class='ocrx_word' id='word_1_240' title='bbox 536 3297 661 3380; x_wconf 84' lang='lat' dir='ltr'><strong>parochi</strong></span> <span class='ocrx_word' id='word_1_241' title='bbox 694 3298 806 3360; x_wconf 86' lang='lat' dir='ltr'><strong>saltem</strong></span> <span class='ocrx_word' id='word_1_242' title='bbox 837 3296 971 3380; x_wconf 71' lang='lat' dir='ltr'><strong>singulm</strong></span> <span class='ocrx_word' id='word_1_243' title='bbox 1001 3297 1091 3360; x_wconf 88' lang='lat' dir='ltr'><strong>suuis</strong></span> <span class='ocrx_word' id='word_1_244' title='bbox 1117 3313 1169 3360; x_wconf 87' lang='lat' dir='ltr'><strong>eas</strong></span> <span class='ocrx_word' id='word_1_245' title='bbox 1192 3295 1413 3360; x_wconf 82' lang='lat' dir='ltr'><strong>examinabunt</strong></span> 
     </span>
     <span class='ocr_line' id='line_1_30' title="bbox 160 3399 1411 3484; baseline -0.002 -18"><span class='ocrx_word' id='word_1_246' title='bbox 160 3400 256 3466; x_wconf 85' lang='lat' dir='ltr'><strong>etiam</strong></span> <span class='ocrx_word' id='word_1_247' title='bbox 286 3401 369 3466; x_wconf 88' lang='lat' dir='ltr'><strong>circa</strong></span> <span class='ocrx_word' id='word_1_248' title='bbox 400 3400 524 3467; x_wconf 90' lang='lat' dir='ltr'><strong>modum</strong></span> <span class='ocrx_word' id='word_1_249' title='bbox 553 3420 615 3484; x_wconf 89' lang='lat' dir='ltr'><strong>quo</strong></span> <span class='ocrx_word' id='word_1_250' title='bbox 646 3401 851 3484; x_wconf 85' lang='lat' dir='ltr'><strong>bapticsudus</strong></span> <span class='ocrx_word' id='word_1_251' title='bbox 882 3405 931 3465; x_wconf 87' lang='lat' dir='ltr'><strong>est</strong></span> <span class='ocrx_word' id='word_1_252' title='bbox 964 3399 1066 3466; x_wconf 81' lang='lat' dir='ltr'><strong>iulans</strong></span> <span class='ocrx_word' id='word_1_253' title='bbox 1100 3399 1223 3484; x_wconf 88' lang='lat' dir='ltr'><strong>quaudo</strong></span> <span class='ocrx_word' id='word_1_254' title='bbox 1258 3417 1292 3465; x_wconf 84' lang='lat' dir='ltr'><strong>er</strong></span> <span class='ocrx_word' id='word_1_255' title='bbox 1323 3402 1411 3463; x_wconf 90' lang='lat' dir='ltr'><strong>utero</strong></span> 
     </span>
     <span class='ocr_line' id='line_1_31' title="bbox 164 3504 1414 3590; baseline -0.001 -21"><span class='ocrx_word' id='word_1_256' title='bbox 164 3505 272 3570; x_wconf 89' lang='lat' dir='ltr'><strong>matris</strong></span> <span class='ocrx_word' id='word_1_257' title='bbox 301 3507 395 3588; x_wconf 89' lang='lat' dir='ltr'><strong>caput</strong></span> <span class='ocrx_word' id='word_1_258' title='bbox 425 3509 482 3570; x_wconf 87' lang='lat' dir='ltr'><strong>aut</strong></span> <span class='ocrx_word' id='word_1_259' title='bbox 513 3505 607 3572; x_wconf 85' lang='lat' dir='ltr'><strong>aliurn</strong></span> <span class='ocrx_word' id='word_1_260' title='bbox 639 3505 773 3590; x_wconf 90' lang='lat' dir='ltr'><strong>corporis</strong></span> <span class='ocrx_word' id='word_1_261' title='bbox 806 3508 925 3589; x_wconf 86' lang='lat' dir='ltr'><strong>partem</strong></span> <span class='ocrx_word' id='word_1_262' title='bbox 956 3504 1146 3570; x_wconf 90' lang='lat' dir='ltr'><strong>solummodo</strong></span> <span class='ocrx_word' id='word_1_263' title='bbox 1180 3505 1353 3588; x_wconf 84' lang='lat' dir='ltr'><strong>emittit⁶)‚</strong></span> <span class='ocrx_word' id='word_1_264' title='bbox 1381 3504 1414 3568; x_wconf 91' lang='lat' dir='ltr'><strong>et</strong></span> 
     </span>
     <span class='ocr_line' id='line_1_32' title="bbox 161 3607 1414 3692; baseline -0.001 -20"><span class='ocrx_word' id='word_1_265' title='bbox 161 3608 312 3692; x_wconf 86' lang='lat' dir='ltr'><strong>quomodo</strong></span> <span class='ocrx_word' id='word_1_266' title='bbox 340 3610 397 3672; x_wconf 89' lang='lat' dir='ltr'><strong>snb</strong></span> <span class='ocrx_word' id='word_1_267' title='bbox 419 3610 595 3676; x_wconf 90' lang='lat' dir='ltr'><strong>conditione</strong></span> <span class='ocrx_word' id='word_1_268' title='bbox 622 3609 829 3692; x_wconf 78' lang='lat' dir='ltr'><strong>baptizandus</strong></span> <span class='ocrx_word' id='word_1_269' title='bbox 859 3611 901 3676; x_wconf 90' lang='lat' dir='ltr'><strong>sit</strong></span> <span class='ocrx_word' id='word_1_270' title='bbox 932 3610 1072 3692; x_wconf 80' lang='lat' dir='ltr'><strong>qnando,</strong></span> <span class='ocrx_word' id='word_1_271' title='bbox 1110 3609 1196 3674; x_wconf 88' lang='lat' dir='ltr'><strong>nulla</strong></span> <span class='ocrx_word' id='word_1_272' title='bbox 1230 3609 1331 3674; x_wconf 85' lang='lat' dir='ltr'><strong>adhuc</strong></span> <span class='ocrx_word' id='word_1_273' title='bbox 1365 3607 1414 3672; x_wconf 91' lang='lat' dir='ltr'><strong>sui</strong></span> 
     </span>
     <span class='ocr_line' id='line_1_33' title="bbox 164 3712 1414 3797; baseline 0.002 -22"><span class='ocrx_word' id='word_1_274' title='bbox 164 3717 250 3796; x_wconf 88' lang='lat' dir='ltr'><strong>parte</strong></span> <span class='ocrx_word' id='word_1_275' title='bbox 273 3712 384 3792; x_wconf 84' lang='lat' dir='ltr'><strong>editus,</strong></span> <span class='ocrx_word' id='word_1_276' title='bbox 408 3733 446 3779; x_wconf 90' lang='lat' dir='ltr'><strong>ne</strong></span> <span class='ocrx_word' id='word_1_277' title='bbox 471 3733 538 3779; x_wconf 83' lang='lat' dir='ltr'><strong>mor</strong></span> <span class='ocrx_word' id='word_1_278' title='bbox 561 3713 741 3780; x_wconf 88' lang='lat' dir='ltr'><strong>decessurus</strong></span> <span class='ocrx_word' id='word_1_279' title='bbox 763 3715 806 3780; x_wconf 86' lang='lat' dir='ltr'><strong>sit</strong></span> <span class='ocrx_word' id='word_1_280' title='bbox 827 3715 993 3797; x_wconf 89' lang='lat' dir='ltr'><strong>prudentor</strong></span> <span class='ocrx_word' id='word_1_281' title='bbox 1011 3714 1178 3782; x_wconf 86' lang='lat' dir='ltr'><strong>timeatur:</strong></span> <span class='ocrx_word' id='word_1_282' title='bbox 1200 3731 1260 3796; x_wconf 75' lang='lat' dir='ltr'><strong>quo</strong></span> <span class='ocrx_word' id='word_1_283' title='bbox 1282 3713 1314 3778; x_wconf 92' lang='lat' dir='ltr'><strong>iu</strong></span> <span class='ocrx_word' id='word_1_284' title='bbox 1338 3731 1414 3778; x_wconf 86' lang='lat' dir='ltr'><strong>casn</strong></span> 
     </span>
     <span class='ocr_line' id='line_1_34' title="bbox 162 3809 1413 3903; baseline -0.002 -21"><span class='ocrx_word' id='word_1_285' title='bbox 162 3817 275 3882; x_wconf 89' lang='lat' dir='ltr'><strong>iterum</strong></span> <span class='ocrx_word' id='word_1_286' title='bbox 299 3817 357 3882; x_wconf 88' lang='lat' dir='ltr'><strong>snb</strong></span> <span class='ocrx_word' id='word_1_287' title='bbox 380 3818 557 3884; x_wconf 89' lang='lat' dir='ltr'><strong>conditione</strong></span> <span class='ocrx_word' id='word_1_288' title='bbox 580 3819 784 3903; x_wconf 80' lang='lat' dir='ltr'><strong>baptizandus</strong></span> <span class='ocrx_word' id='word_1_289' title='bbox 805 3820 876 3898; x_wconf 85' lang='lat' dir='ltr'><strong>erit,</strong></span> <span class='ocrx_word' id='word_1_290' title='bbox 901 3809 1122 3900; x_wconf 70' lang='lat' dir='ltr'><strong>si&#39;periculum</strong></span> <span class='ocrx_word' id='word_1_291' title='bbox 1140 3819 1274 3882; x_wconf 87' lang='lat' dir='ltr'><strong>eraserit</strong></span> <span class='ocrx_word' id='word_1_292' title='bbox 1289 3818 1322 3881; x_wconf 93' lang='lat' dir='ltr'><strong>et</strong></span> <span class='ocrx_word' id='word_1_293' title='bbox 1338 3816 1413 3881; x_wconf 81' lang='lat' dir='ltr'><strong>ioris</strong></span> 
     </span>
     <span class='ocr_line' id='line_1_35' title="bbox 168 3920 367 4006; baseline 0.025 -21"><span class='ocrx_word' id='word_1_294' title='bbox 168 3920 318 4005; x_wconf 89' lang='lat' dir='ltr'><strong>prodierit</strong></span> <span class='ocrx_word' id='word_1_295' title='bbox 329 3922 367 4006; x_wconf 82' lang='lat'><strong>⁶).</strong></span> 
     </span>
    </p>

    <p class='ocr_par' dir='ltr' id='par_1_9' title="bbox 161 4025 1415 4322">
     <span class='ocr_line' id='line_1_36' title="bbox 266 4025 1413 4111; baseline 0.001 -21"><span class='ocrx_word' id='word_1_296' title='bbox 266 4027 297 4090; x_wconf 87' lang='grc'><strong>9.</strong></span> <span class='ocrx_word' id='word_1_297' title='bbox 320 4025 460 4092; x_wconf 80' lang='lat' dir='ltr'><strong>Infantes</strong></span> <span class='ocrx_word' id='word_1_298' title='bbox 483 4027 536 4111; x_wconf 91' lang='lat' dir='ltr'><strong>qui</strong></span> <span class='ocrx_word' id='word_1_299' title='bbox 559 4029 596 4092; x_wconf 93' lang='lat' dir='ltr'><strong>ob</strong></span> <span class='ocrx_word' id='word_1_300' title='bbox 619 4027 740 4092; x_wconf 88' lang='lat' dir='ltr'><strong>instans</strong></span> <span class='ocrx_word' id='word_1_301' title='bbox 759 4027 843 4093; x_wconf 87' lang='lat' dir='ltr'><strong>ritas</strong></span> <span class='ocrx_word' id='word_1_302' title='bbox 859 4026 1030 4111; x_wconf 88' lang='lat' dir='ltr'><strong>periculum</strong></span> <span class='ocrx_word' id='word_1_303' title='bbox 1048 4027 1243 4111; x_wconf 89' lang='lat' dir='ltr'><strong>Baptismum</strong></span> <span class='ocrx_word' id='word_1_304' title='bbox 1261 4043 1413 4108; x_wconf 82' lang='lat' dir='ltr'><strong>recepero,</strong></span> 
     </span>
     <span class='ocr_line' id='line_1_37' title="bbox 162 4129 1415 4216; baseline -0.001 -21"><span class='ocrx_word' id='word_1_305' title='bbox 162 4132 189 4195; x_wconf 90' lang='lat' dir='ltr'><strong>si</strong></span> <span class='ocrx_word' id='word_1_306' title='bbox 211 4130 291 4196; x_wconf 90' lang='lat' dir='ltr'><strong>illud</strong></span> <span class='ocrx_word' id='word_1_307' title='bbox 310 4134 507 4210; x_wconf 82' lang='lat' dir='ltr'><strong>amoveatur,</strong></span> <span class='ocrx_word' id='word_1_308' title='bbox 536 4131 574 4196; x_wconf 93' lang='lat' dir='ltr'><strong>ad</strong></span> <span class='ocrx_word' id='word_1_309' title='bbox 598 4131 806 4216; x_wconf 87' lang='lat' dir='ltr'><strong>parochialem</strong></span> <span class='ocrx_word' id='word_1_310' title='bbox 829 4132 991 4198; x_wconf 88' lang='lat' dir='ltr'><strong>ecclesiam</strong></span> <span class='ocrx_word' id='word_1_311' title='bbox 1013 4133 1096 4197; x_wconf 88' lang='lat' dir='ltr'><strong>iutra</strong></span> <span class='ocrx_word' id='word_1_312' title='bbox 1119 4133 1188 4196; x_wconf 92' lang='lat' dir='ltr'><strong>octo</strong></span> <span class='ocrx_word' id='word_1_313' title='bbox 1211 4131 1323 4196; x_wconf 89' lang='lat' dir='ltr'><strong>saltem</strong></span> <span class='ocrx_word' id='word_1_314' title='bbox 1348 4129 1415 4194; x_wconf 88' lang='lat' dir='ltr'><strong>dies</strong></span> 
     </span>
     <span class='ocr_line' id='line_1_38' title="bbox 161 4233 1415 4322; baseline -0.002 -23"><span class='ocrx_word' id='word_1_315' title='bbox 161 4234 343 4300; x_wconf 87' lang='lat' dir='ltr'><strong>deierantur</strong></span> <span class='ocrx_word' id='word_1_316' title='bbox 378 4239 409 4299; x_wconf 90' lang='lat' dir='ltr'><strong>et</strong></span> <span class='ocrx_word' id='word_1_317' title='bbox 442 4240 587 4301; x_wconf 87' lang='lat' dir='ltr'><strong>accurato</strong></span> <span class='ocrx_word' id='word_1_318' title='bbox 620 4236 847 4322; x_wconf 84' lang='lat' dir='ltr'><strong>diligenterque</strong></span> <span class='ocrx_word' id='word_1_319' title='bbox 878 4235 1055 4320; x_wconf 86' lang='lat' dir='ltr'><strong>inquiratur</strong></span> <span class='ocrx_word' id='word_1_320' title='bbox 1089 4253 1127 4300; x_wconf 86' lang='lat' dir='ltr'><strong>arr</strong></span> <span class='ocrx_word' id='word_1_321' title='bbox 1167 4235 1226 4300; x_wconf 92' lang='lat' dir='ltr'><strong>rite</strong></span> <span class='ocrx_word' id='word_1_322' title='bbox 1263 4233 1415 4318; x_wconf 84' lang='lat' dir='ltr'><strong>baptizati</strong></span> 
     </span>
    </p>
   </div>
   <div class='ocr_carea' id='block_1_5' title="bbox 169 4361 479 4370">
    <p class='ocr_par' dir='ltr' id='par_1_10' title="bbox 169 4361 479 4370">
     <span class='ocr_line' id='line_1_39' title="bbox 169 4361 479 4370; baseline 0.006 -2"><span class='ocrx_word' id='word_1_323' title='bbox 169 4361 479 4370; x_wconf 63' lang='lat'><strong>——--—-.</strong></span> 
     </span>
    </p>
   </div>
   <div class='ocr_carea' id='block_1_6' title="bbox 163 4405 1417 4818">
    <p class='ocr_par' dir='ltr' id='par_1_11' title="bbox 163 4405 1417 4741">
     <span class='ocr_line' id='line_1_40' title="bbox 267 4405 1414 4479; baseline -0.003 -14"><span class='ocrx_word' id='word_1_324' title='bbox 267 4411 293 4477; x_wconf 87' lang='lat'><strong>1)</strong></span> <span class='ocrx_word' id='word_1_325' title='bbox 313 4411 339 4466; x_wconf 82' lang='lat' dir='ltr'><strong>S.</strong></span> <span class='ocrx_word' id='word_1_326' title='bbox 353 4411 392 4476; x_wconf 90' lang='lat'><strong>0.‚</strong></span> <span class='ocrx_word' id='word_1_327' title='bbox 411 4412 455 4467; x_wconf 90' lang='lat' dir='ltr'><strong>die</strong></span> <span class='ocrx_word' id='word_1_328' title='bbox 467 4411 509 4467; x_wconf 83' lang='lat'><strong>81.</strong></span> <span class='ocrx_word' id='word_1_329' title='bbox 523 4410 589 4467; x_wconf 86' lang='lat' dir='ltr'><strong>hIaii</strong></span> <span class='ocrx_word' id='word_1_330' title='bbox 602 4410 676 4465; x_wconf 84' lang='lat'>1884.</span> <span class='ocrx_word' id='word_1_331' title='bbox 697 4439 729 4448; x_wconf 98' lang='lat'>—</span> <span class='ocrx_word' id='word_1_332' title='bbox 749 4411 776 4478; x_wconf 81' lang='grc'><strong>2)</strong></span> <span class='ocrx_word' id='word_1_333' title='bbox 795 4407 1225 4479; x_wconf 76' lang='lat' dir='ltr'><strong>s.c.c.1apirr.31.Jul.1eot.</strong></span> <span class='ocrx_word' id='word_1_334' title='bbox 1245 4435 1277 4447; x_wconf 97' lang='grc'>-</span> <span class='ocrx_word' id='word_1_335' title='bbox 1295 4406 1323 4476; x_wconf 81' lang='grc'><strong>3)</strong></span> <span class='ocrx_word' id='word_1_336' title='bbox 1340 4407 1368 4462; x_wconf 82' lang='lat' dir='ltr'><strong>S.</strong></span> <span class='ocrx_word' id='word_1_337' title='bbox 1382 4405 1414 4462; x_wconf 91' lang='lat'><strong>0.</strong></span> 
     </span>
     <span class='ocr_line' id='line_1_41' title="bbox 163 4491 1414 4568; baseline -0.005 -16"><span class='ocrx_word' id='word_1_338' title='bbox 163 4497 207 4552; x_wconf 88' lang='lat' dir='ltr'><strong>dis</strong></span> <span class='ocrx_word' id='word_1_339' title='bbox 222 4498 266 4554; x_wconf 77' lang='grc'><strong>211.</strong></span> <span class='ocrx_word' id='word_1_340' title='bbox 282 4496 352 4568; x_wconf 72' lang='lat' dir='ltr'><strong>hug.</strong></span> <span class='ocrx_word' id='word_1_341' title='bbox 373 4497 447 4554; x_wconf 80' lang='lat' dir='ltr'><strong>lass.</strong></span> <span class='ocrx_word' id='word_1_342' title='bbox 468 4526 499 4538; x_wconf 95' lang='lat'>-</span> <span class='ocrx_word' id='word_1_343' title='bbox 518 4499 546 4566; x_wconf 80' lang='lat'><strong>4)</strong></span> <span class='ocrx_word' id='word_1_344' title='bbox 565 4497 592 4553; x_wconf 84' lang='lat' dir='ltr'><strong>S.</strong></span> <span class='ocrx_word' id='word_1_345' title='bbox 611 4495 642 4551; x_wconf 91' lang='lat'><strong>0.</strong></span> <span class='ocrx_word' id='word_1_346' title='bbox 656 4496 701 4552; x_wconf 86' lang='lat' dir='ltr'><strong>dia</strong></span> <span class='ocrx_word' id='word_1_347' title='bbox 714 4495 758 4553; x_wconf 72' lang='lat'><strong>20.</strong></span> <span class='ocrx_word' id='word_1_348' title='bbox 776 4496 843 4552; x_wconf 84' lang='lat' dir='ltr'><strong>Nor.</strong></span> <span class='ocrx_word' id='word_1_349' title='bbox 862 4495 938 4552; x_wconf 85' lang='grc'><strong>1878.</strong></span> <span class='ocrx_word' id='word_1_350' title='bbox 960 4495 1019 4552; x_wconf 83' lang='lat' dir='ltr'><strong>vid.</strong></span> <span class='ocrx_word' id='word_1_351' title='bbox 1036 4493 1136 4550; x_wconf 81' lang='lat' dir='ltr'><strong>Bnued</strong></span> <span class='ocrx_word' id='word_1_352' title='bbox 1154 4494 1238 4558; x_wconf 81' lang='lat' dir='ltr'>XIV..</span> <span class='ocrx_word' id='word_1_353' title='bbox 1259 4494 1299 4549; x_wconf 87' lang='lat' dir='ltr'><strong>De</strong></span> <span class='ocrx_word' id='word_1_354' title='bbox 1315 4491 1414 4563; x_wconf 70' lang='lat' dir='ltr'><strong>synod.</strong></span> 
     </span>
     <span class='ocr_line' id='line_1_42' title="bbox 163 4580 1417 4655; baseline -0.005 -15"><span class='ocrx_word' id='word_1_355' title='bbox 163 4585 275 4640; x_wconf 81' lang='lat' dir='ltr'><strong>dioeces.</strong></span> <span class='ocrx_word' id='word_1_356' title='bbox 293 4585 354 4640; x_wconf 88' lang='lat' dir='ltr'><strong>libr.</strong></span> <span class='ocrx_word' id='word_1_357' title='bbox 373 4585 443 4651; x_wconf 82' lang='lat' dir='ltr'>VII,</span> <span class='ocrx_word' id='word_1_358' title='bbox 461 4603 517 4655; x_wconf 82' lang='lat' dir='ltr'><strong>cap.</strong></span> <span class='ocrx_word' id='word_1_359' title='bbox 534 4586 551 4639; x_wconf 81' lang='lat'>6</span> <span class='ocrx_word' id='word_1_360' title='bbox 567 4602 595 4640; x_wconf 91' lang='grc' dir='ltr'><strong>ιι.</strong></span> <span class='ocrx_word' id='word_1_361' title='bbox 614 4584 638 4638; x_wconf 90' lang='grc'><strong>7.</strong></span> <span class='ocrx_word' id='word_1_362' title='bbox 664 4611 698 4621; x_wconf 91' lang='grc'>-</span> <span class='ocrx_word' id='word_1_363' title='bbox 721 4583 748 4653; x_wconf 74' lang='grc' dir='ltr'><strong>ὅ)</strong></span> <span class='ocrx_word' id='word_1_364' title='bbox 768 4583 869 4640; x_wconf 87' lang='lat' dir='ltr'><strong>Benad.</strong></span> <span class='ocrx_word' id='word_1_365' title='bbox 887 4582 975 4648; x_wconf 82' lang='lat' dir='ltr'>XIV..</span> <span class='ocrx_word' id='word_1_366' title='bbox 995 4582 1064 4638; x_wconf 87' lang='lat' dir='ltr'><strong>lust.</strong></span> <span class='ocrx_word' id='word_1_367' title='bbox 1084 4581 1176 4638; x_wconf 77' lang='lat' dir='ltr'><strong>scolas.</strong></span> <span class='ocrx_word' id='word_1_368' title='bbox 1195 4580 1274 4646; x_wconf 85' lang='lat' dir='ltr'>VIII,</span> <span class='ocrx_word' id='word_1_369' title='bbox 1292 4598 1318 4636; x_wconf 89' lang='lat' dir='ltr'><strong>u.</strong></span> <span class='ocrx_word' id='word_1_370' title='bbox 1337 4581 1362 4634; x_wconf 80' lang='lat'><strong>4.</strong></span> <span class='ocrx_word' id='word_1_371' title='bbox 1384 4605 1417 4620; x_wconf 86' lang='lat'><strong>·-</strong></span> 
     </span>
     <span class='ocr_line' id='line_1_43' title="bbox 163 4669 925 4741; baseline -0.001 -16"><span class='ocrx_word' id='word_1_372' title='bbox 163 4670 190 4740; x_wconf 82' lang='lat' dir='ltr'><strong>d)</strong></span> <span class='ocrx_word' id='word_1_373' title='bbox 211 4671 252 4727; x_wconf 93' lang='lat' dir='ltr'><strong>Id.</strong></span> <span class='ocrx_word' id='word_1_374' title='bbox 273 4672 313 4727; x_wconf 88' lang='lat' dir='ltr'><strong>De</strong></span> <span class='ocrx_word' id='word_1_375' title='bbox 331 4671 432 4740; x_wconf 80' lang='lat' dir='ltr'><strong>Syuod</strong></span> <span class='ocrx_word' id='word_1_376' title='bbox 449 4670 563 4727; x_wconf 85' lang='lat' dir='ltr'><strong>dioeces.</strong></span> <span class='ocrx_word' id='word_1_377' title='bbox 582 4670 631 4728; x_wconf 91' lang='lat' dir='ltr'><strong>lib.</strong></span> <span class='ocrx_word' id='word_1_378' title='bbox 650 4669 714 4738; x_wconf 82' lang='lat' dir='ltr'><strong>vn,</strong></span> <span class='ocrx_word' id='word_1_379' title='bbox 731 4686 790 4741; x_wconf 76' lang='lat' dir='ltr'><strong>cap.</strong></span> <span class='ocrx_word' id='word_1_380' title='bbox 807 4673 834 4736; x_wconf 84' lang='lat' dir='ltr'><strong>li,</strong></span> <span class='ocrx_word' id='word_1_381' title='bbox 854 4687 881 4726; x_wconf 91' lang='lat' dir='ltr'><strong>u.</strong></span> <span class='ocrx_word' id='word_1_382' title='bbox 899 4670 925 4724; x_wconf 84' lang='grc' dir='ltr'><strong>θ.</strong></span> 
     </span>
    </p>

    <p class='ocr_par' dir='ltr' id='par_1_12' title="bbox 194 4751 1307 4818">
     <span class='ocr_line' id='line_1_44' title="bbox 194 4751 1307 4818; baseline 0.004 -5"><span class='ocrx_word' id='word_1_383' title='bbox 194 4765 289 4814; x_wconf 61' lang='lat' dir='ltr'><strong>meurs</strong></span> <span class='ocrx_word' id='word_1_384' title='bbox 302 4766 343 4813; x_wconf 76' lang='lat' dir='ltr'><strong>ru</strong></span> <span class='ocrx_word' id='word_1_385' title='bbox 360 4766 547 4814; x_wconf 62' lang='lat' dir='ltr'><strong>mansurum</strong></span> <span class='ocrx_word' id='word_1_386' title='bbox 564 4767 668 4814; x_wconf 72' lang='lat' dir='ltr'><strong>cxxv.</strong></span> <span class='ocrx_word' id='word_1_387' title='bbox 1269 4751 1307 4818; x_wconf 92' lang='grc'><strong>17</strong></span> 
     </span>
    </p>
   </div>
   <div class='ocr_carea' id='block_1_7' title="bbox 0 0 1651 4917">
    <p class='ocr_par' dir='ltr' id='par_1_13' title="bbox 0 0 1651 4917">
     <span class='ocr_line' id='line_1_45' title="bbox 0 0 1651 4917; baseline 0 0"><span class='ocrx_word' id='word_1_388' title='bbox 0 0 1651 4917; x_wconf 95' lang='lat' dir='ltr'><strong> </strong></span> 
     </span>
    </p>
   </div>
  </div>
 </body>
</html>
