3275 4917
238 240 302 307 ill
487 259 629 329 spondae
651 252 851 314 Pistortcasls
870 263 899 312 et
920 252 1080 313 mecenas
1098 275 1126 313 o.
1146 255 1229 314 1892.

239 433 304 497 ncis
329 430 451 497 mundis
474 430 723 514 decentibusque,
747 430 859 514 quibus
883 430 1012 512 parvula
1033 449 1106 495 crux
1130 431 1323 514 superposita
1342 428 1394 507 sit,
1416 448 1483 493 scr·

239 537 303 603 rari
325 536 418 601 debet
437 536 467 600 in
491 538 563 619 epto
586 533 750 600 armariolo
772 536 869 599 serico
886 534 1012 599 violacei
1033 535 1143 601 coloris
1159 535 1244 599 intus
1261 534 1373 601 vestito
1388 536 1486 617 utque
1623 629 1624 636 ἵ

238 640 317 707 clavi
341 639 501 718 instructo,
526 640 555 703 in
578 639 694 722 pariete
714 638 752 705 ad
774 638 932 703 dexterum
955 657 1049 704 cornu
1072 639 1191 717 alteris,
1215 640 1247 703 in
1264 658 1325 723 qno
1340 644 1485 708 seruatur
1623 703 1624 742 ᾧ

238 744 435 810 sanctissima
458 742 669 820 llucberistia,
694 761 764 807 cnm
784 741 880 808 titulo
902 744 1091 808 extrinsecus
1112 743 1278 827 inscripto,
1302 742 1481 827 etquidem

238 848 352 915 litteris
376 846 572 913 maiusculis:
596 845 743 912 Sanctum
764 846 866 912 oleum
890 847 1092 912 intirmorum.

345 952 394 1016 14.
419 952 679 1017 Animadvertent
700 950 826 1034 parocbi
850 950 949 1016 solnm
972 950 1002 1015 in
1028 951 1223 1017 necessitatis
1244 970 1318 1017 casu
1338 971 1373 1037 se
1395 970 1483 1035 posse

240 1058 341 1124 oleum
363 1056 556 1121 infirmorum
581 1072 634 1139 por
657 1054 777 1138 aliquas
800 1074 870 1121 oras
892 1055 975 1120 domi
999 1056 1141 1135 retinere,
1165 1058 1196 1121 in
1221 1056 1362 1123 nobiliori
1378 1059 1482 1122 manen

239 1160 394 1239 cubiculo,
431 1162 525 1243 etque
559 1160 589 1224 iu
625 1160 689 1225 loco
721 1158 866 1224 decenter
894 1162 1005 1225 ornato
1034 1163 1065 1226 ct
1095 1162 1209 1227 clauso.
1258 1160 1399 1226 Diximus
1429 1179 1484 1243 per

239 1266 359 1349 aliquas
375 1284 468 1341 oras;
500 1283 573 1329 nam
602 1264 756 1329 statutum
787 1266 845 1342 ost,
877 1283 935 1329 non
968 1283 1056 1347 posse
1078 1265 1246 1348 parociam
1272 1264 1353 1331 idem
1380 1264 1480 1329 oleum

240 1370 323 1435 domi
344 1368 549 1433 habitualitcr
572 1366 704 1433 retinere
719 1368 753 1452 ¹).

527 1538 602 1625 Oap.
631 1540 726 1608 VIII.
761 1539 811 1609 Dc
833 1548 1030 1609 sacramento
1052 1542 1186 1609 ordinis.

344 1678 373 1744 1.
408 1678 495 1745 Nihil
519 1678 699 1755 sublimius,
732 1678 809 1744 nihil
838 1680 1025 1744 eminentius
1047 1680 1218 1746 sacerdotio
1240 1680 1412 1746 christiano
1432 1680 1482 1743 in·

172 1798 175 1805 ·
240 1784 335 1850 ueniri
367 1785 467 1867 potest
480 1784 515 1868 ¹).
569 1782 610 1847 Et
641 1802 673 1847 re
700 1782 826 1867 quidem
858 1802 929 1849 vcra
962 1785 1136 1850 sacerdotes
1166 1788 1240 1851 suut
1273 1783 1483 1850 »coadiutores

241 1886 462 1971 Redemptoris,
488 1885 656 1951 consiliarii
673 1885 806 1962 Domini,
830 1886 961 1971 dapiferi
977 1906 1100 1953 menses
1117 1888 1234 1953 Clrrmti
1245 1888 1301 1971 ⁸).‹
1326 1888 1385 1951 Ast
1399 1886 1482 1952 sicut

239 1992 318 2057 nibil
340 1994 388 2057 est
411 1990 569 2056 sacerdote
591 1989 800 2070 excellentius,
832 1991 877 2056 eic
901 1991 978 2057 nihil
1001 1994 1049 2057 est
1071 1992 1126 2057 illo
1149 1991 1368 2068 miserabilius,
1392 1991 1418 2054 ei
1442 1991 1480 2055 de

239 2098 347 2163 ssncta
367 2094 433 2160 rita
455 2094 667 2179 periclitetur,
698 2095 731 2158 et
759 2094 791 2158 in
821 2095 1163 2178 crimineteneatur1).
1210 2094 1376 2161 Neminem
1400 2094 1481 2159 enirn

240 2200 333 2278 latet,
358 2198 456 2264 malos
476 2198 651 2264 sacerdotes
672 2217 730 2264 non
754 2198 814 2263 sibi
836 2198 957 2277 solum,
978 2200 1031 2265 sed
1056 2200 1149 2264 etiarn
1172 2199 1293 2282 populis
1314 2199 1481 2282 plurimum

239 2306 354 2370 obesse.
398 2300 582 2384 Quamobrem
608 2301 757 2385 Episcopo
779 2320 973 2385 summopere
1002 2302 1173 2367 curandum
1197 2304 1262 2379 est,
1289 2305 1326 2366 nt
1355 2302 1394 2367 ad
1416 2305 1481 2368 tam

239 2408 388 2475 excelsam
412 2405 596 2490 dignitatem
620 2404 642 2469 ii
665 2407 799 2481 tanturn,
823 2406 876 2489 qui
900 2425 937 2471 ea
959 2406 1044 2489 digni
1068 2408 1150 2485 snut,
1175 2407 1354 2472 erchantun

344 2512 373 2578 2.
400 2510 439 2575 lto
458 2510 591 2593 primurn
615 2509 809 2576 adiutoribus
833 2511 961 2588 nostrie,
986 2511 1178 2595 meximeque
1200 2510 1358 2594 parocbia,
1382 2512 1482 2577 omnis

240 2614 416 2681 adhibenda
444 2617 492 2679 est
522 2632 596 2678 curu
625 2617 661 2679 ut
690 2614 772 2678 iuter
793 2632 903 2696 pueros
935 2615 1081 2698 seligant,
1113 2634 1190 2698 qnos
1212 2614 1250 2679 ad
1274 2615 1481 2681 sacerdotium

240 2722 363 2786 vocatos
386 2718 577 2797 existiment,
608 2735 720 2801 eosque
743 2717 808 2783 uelo
829 2718 1051 2803 prudentiaque
1081 2719 1237 2803 dirigant,
1262 2722 1297 2783 ut
1318 2720 1350 2782 in
1373 2719 1481 2783 eadem

242 2822 400 2891 roratione
423 2823 454 2887 in
478 2822 543 2887 dies
568 2820 667 2905 magis
691 2821 860 2887 firmentur.

343 2928 373 2991 3.
398 2929 441 2992 At
464 2944 553 2991 uerno
576 2924 749 2991 clericalem
773 2924 883 2990 induat
907 2925 1034 3003 restem,
1059 2925 1118 2990 nisi
1141 2925 1326 2991 facultatem
1351 2925 1483 2991 silebis

239 3034 424 3115 assequutus
447 3030 553 3101 luerit,
576 3048 669 3113 quam
694 3032 728 3095 ut
750 3030 907 3113 impetret,
930 3028 1083 3112 supplices
1103 3030 1227 3095 litterae
1250 3032 1283 3095 et
1304 3030 1484 3096 testimonia

240 3136 278 3201 de
300 3134 451 3219 legitimis
474 3133 647 3211 natalibus,
671 3130 708 3198 de
733 3133 893 3215 Baptismo
915 3135 948 3196 et
971 3132 1222 3207 confirmatione,
1247 3133 1286 3199 de
1309 3152 1482 3217 progressu,

239 3258 330 3324 quem
353 3237 428 3302 lecit
451 3237 481 3301 in
505 3236 629 3311 studiis,
653 3235 685 3300 in
707 3254 786 3319 quae
812 3234 981 3314 incumbit,
1009 3236 1049 3300 de
1078 3237 1214 3301 moribus
1234 3238 1267 3301 et
1287 3236 1484 3302 Conlessione

239 3346 333 3425 atque
356 3340 577 3405 Communionc
602 3340 753 3423 frequenti
779 3339 890 3405 Cumae
911 3339 1078 3423 episcopali
1101 3340 1244 3405 exhibere
1267 3340 1403 3406 debebit.

344 3446 375 3509 4.
396 3444 456 3526 Qui
479 3445 584 3509 subm
601 3442 639 3507 ad
656 3442 827 3507 Tonsorem
846 3446 878 3508 et
894 3441 1025 3508 Ordines
1042 3444 1107 3509 sire
1123 3445 1256 3510 minores
1272 3444 1338 3511 siro
1353 3446 1485 3511 maiores

240 3547 365 3614 admitti
389 3548 533 3632 cupiunt,
566 3546 709 3612 exhibere
739 3546 853 3612 debent
882 3548 1061 3613 testimonia
1091 3547 1129 3613 de
1158 3547 1246 3614 bonis
1269 3549 1418 3627 moribus,
1447 3548 1485 3612 de

241 3650 415 3735 frequentia
437 3649 717 3728 Sacramentorum,
741 3650 780 3713 ‹le
804 3650 972 3716 vocationis
994 3650 1103 3735 signis,
1128 3650 1166 3715 de
1190 3650 1340 3730 Tonsura,
1362 3652 1389 3717 ai
1415 3671 1484 3718 eam

241 3754 429 3838 receperint,
453 3752 502 3818 vel
525 3752 562 3818 de
583 3753 736 3835 postremo
758 3771 849 3837 quem
871 3757 1071 3838 susceperunt
1093 3754 1223 3832 Ordine,
1254 3755 1293 3821 de
1322 3775 1485 3840 progressu

240 3858 321 3923 lecto
343 3856 375 3923 in
398 3856 511 3923 studiis
535 3857 632 3941 deque
655 3857 781 3923 servitio
807 3858 971 3936 ccclesiae,
1001 3859 1039 3923 ad
1070 3876 1164 3941 quam
1187 3858 1317 3943 quisque
1340 3860 1484 3943 pertinet,

241 3963 420 4046 praesertim
438 3962 469 4026 in
485 3962 715 4027 catechizandis
730 3962 843 4045 pueris,
871 3963 1029 4045 praestito.
1062 3961 1190 4028 Poroclri
1206 3982 1277 4029 vero
1290 3966 1486 4047 rectoresque

214 4086 215 4091 ¹
240 4064 479 4131 Seminationem
503 4065 668 4149 ceterique,
690 4065 743 4149 qui
766 4066 921 4131 recensita
943 4066 1121 4131 testimonie
1140 4086 1265 4132 erarere
1282 4066 1406 4145 debent,
1428 4068 1486 4131 lroc

241 4169 460 4254 gravissimum
483 4188 604 4249 munus,
629 4171 757 4235 onerate
779 4169 976 4236 strictissime
991 4190 1097 4236 sorum
1114 4171 1303 4238 couscientia
1316 4174 1349 4237 et
1363 4176 1486 4237 serrato

240 4276 368 4352 secreto,
390 4290 512 4339 summa
536 4273 700 4358 diligentia
722 4273 835 4339 obeant
857 4292 894 4339 ac
916 4276 1098 4341 sinceritate
1106 4278 1143 4358 ὓ).

344 4430 371 4497 1)
393 4430 419 4483 S.
439 4429 471 4483 a
490 4427 520 4484 G.
542 4429 586 4484 die
610 4430 651 4484 lo.
673 4428 735 4483 Dec.
754 4427 830 4483 1826.
853 4428 886 4483 Iu
905 4429 1061 4485 (landaven.
1084 4460 1118 4471 -
1142 4432 1169 4497 2)
1189 4431 1216 4487 S
1235 4433 1333 4487 Petrus
1349 4428 1487 4494 Damiuui,

239 4513 335 4582 Opusc.
353 4515 527 4585 V1,csp.15.
546 4544 579 4555 -
597 4515 624 4585 3)
644 4516 740 4569 Petrus
759 4514 832 4569 Blss.
851 4515 935 4571 Serm.
952 4517 1063 4571 XLVII.
1082 4545 1116 4555 -
1133 4520 1160 4586 4)
1180 4517 1208 4571 8.
1222 4518 1314 4571 ΑιιιΙιτ.
1330 4518 1369 4571 De
1384 4516 1485 4585 dignit.

240 4600 344 4655 Sacerd.
363 4618 420 4671 cup.
438 4601 525 4655 11.,-
543 4602 571 4671 5)
589 4601 668 4656 Couc.
688 4600 762 4655 Trid.
782 4616 846 4654 sese.
867 4602 970 4657 xxlri.
994 4602 1033 4657 De
1052 4604 1101 4658 rei.
1120 4620 1179 4674 cap.
1198 4606 1223 4659 5.
