3275 4917
246 289 310 354 250
495 302 640 374 flpnodur
659 302 862 359 Ratumenna
881 309 910 359 et
933 303 1093 360 1111111111
1115 319 1142 358 1.
1162 303 1244 359 1892.

245 479 379 554 narina
409 480 442 544 et
460 478 487 543 si
508 477 603 544 etiam
628 476 737 541 unicus
760 477 867 552 testis,
892 477 1072 559 praesertim
1096 477 1121 540 si
1144 475 1330 544 testificetur
1350 475 1388 542 de
1410 475 1496 542 iacto

246 584 378 668 proprio,
402 582 539 648 affirmet
555 582 751 664 Baptismum
768 581 863 646 tuisse
883 580 1025 663 legitime
1040 580 1305 658 administratum,
1328 600 1385 646 nec
1402 579 1497 664 quid·

245 708 340 773 quam
370 687 559 752 contrarium
590 687 733 752 occurrat
765 685 845 768 quod
876 685 962 750 illius
995 686 1174 752 testimonio
1206 679 1300 750 111111
1335 685 1493 762 11111111,

245 791 456 858 caeremoniae
485 793 609 855 tantum
640 791 773 854 omissae
802 790 1014 872 suppleantur.
1061 790 1093 855 Si
1116 809 1188 854 rerc
1209 792 1280 873 post
1304 789 1495 871 praedictam

245 895 477 980 inquisitionem
499 895 566 960 iure
588 895 758 977 meritoque
779 894 816 959 de
842 894 994 978 Baptismi
1019 895 1182 960 validitate
1203 893 1372 972 dubitetur,
1395 894 1495 958 denuo

246 1002 303 1065 sub
327 998 503 1065 conditione
526 999 724 1084 baptizentur
737 1001 772 1081 ¹).

352 1105 401 1170 10.
425 1103 462 1168 ln
485 1103 664 1187 supplendis
687 1106 790 1167 autem
817 1103 969 1186 Baptisnri
992 1104 1192 1168 caeremoniis
1215 1103 1329 1186 patrini
1346 1121 1404 1168 non
1422 1106 1496 1166 sunt

246 1207 432 1286 adhibendi;
469 1214 502 1273 et
535 1207 562 1272 si
595 1207 759 1284 intersint,
795 1207 911 1272 nullam
943 1209 1132 1273 contrahunt
1160 1206 1354 1291 spiritualem
1377 1225 1492 1290 cogna-

247 1313 364 1378 tionem
377 1311 414 1397 ⁸).

352 1416 402 1481 11.
426 1416 566 1500 Itemque
588 1415 647 1480 sub
668 1414 844 1481 conditione
864 1415 1060 1499 baptizentur
1075 1416 1210 1481 intentes
1226 1415 1363 1500 expositi,
1385 1433 1494 1498 quarn-

247 1522 294 1587 ris
317 1520 453 1586 babeant
475 1521 553 1586 collo
576 1539 741 1604 appensam
772 1520 953 1585 schedulam
983 1523 1185 1586 attestantem
1216 1539 1267 1585 eos
1301 1519 1493 1602 Baptismum

247 1626 415 1710 recepisse,
447 1625 505 1689 nisi
536 1631 620 1690 certo
643 1627 801 1690 consteta
824 1644 883 1707 quo
906 1625 1054 1690 schedula
1075 1625 1130 1690 illa
1154 1625 1247 1690 fuerit
1275 1629 1414 1702 exarata,
1439 1625 1494 1687 aut

247 1729 373 1796 aliunde
395 1730 437 1795 sit
458 1729 649 1813 exploratum
676 1730 870 1812 Baptismum
893 1729 1000 1794 iisdem
1028 1730 1086 1794 rite
1110 1729 1256 1795 collatum
1282 1729 1427 1808 luisse⁸).

353 1835 402 1901 12.
435 1834 574 1900 Gareaut
594 1836 698 1899 autem
723 1834 915 1918 baptizantes
939 1854 976 1899 ne
999 1835 1170 1899 infantibus
1199 1833 1303 1916 turpia
1334 1835 1389 1897 aut
1418 1851 1494 1914 gen·

246 1939 351 2005 tilium
376 1939 422 2003 rel
441 1938 603 2021 impiorum
623 1940 745 2004 uomina
762 1939 977 2021 imponantur,
1001 1939 1118 2021 imponi
1137 1938 1218 2004 enim
1237 1937 1350 2003 debent
1370 1935 1494 2000 nomina

246 2043 428 2110 Sanctorum
452 2061 528 2125 quos
550 2043 598 2107 illi
620 2046 725 2126 postea
748 2043 866 2107 imitari
889 2043 1045 2108 studeant.
1092 2044 1137 2108 At
1159 2044 1186 2106 si
1208 2043 1351 2125 parentes
1374 2041 1492 2104 instent

247 2151 284 2213 ut
306 2148 482 2230 imponatur
512 2165 622 2211 nomen
652 2165 671 2210 a
702 2146 786 2213 nullo
818 2147 921 2212 adbuc
950 2147 1065 2212 Sancto
1092 2148 1246 2224 delatum,
1278 2145 1316 2210 ad
1348 2145 1491 2210 vitandas

249 2252 423 2318 uexationes
451 2252 565 2334 poterit
589 2250 723 2334 imponi,
756 2250 987 2333 superaddendo
1020 2255 1124 2316 tamen
1147 2269 1256 2316 nomen
1278 2247 1404 2326 Sancti,
1431 2267 1491 2332 quo

246 2357 346 2441 primo
368 2355 434 2421 loco
453 2354 629 2420 nominetur
651 2359 683 2420 ct
705 2354 792 2420 cuius
813 2356 983 2439 patrocinio
1007 2356 1183 2437 baptizatus
1206 2356 1388 2437 protegatur
1396 2354 1432 2436 ⁴).

354 2461 402 2524 13.
434 2459 513 2524 Item
543 2462 675 2524 caveant
703 2480 741 2524 11
770 2459 910 2544 quemuis
939 2460 1211 2526 indiscriminatim
1245 2459 1282 2523 ad
1306 2456 1492 2539 susceptoris

246 2583 300 2629 seu
323 2563 437 2647 patrini
461 2583 571 2628 munus
595 2563 781 2646 admittant;
805 2567 838 2630 et
860 2567 1011 2648 quotquot
1031 2564 1070 2629 ab
1094 2565 1151 2629 boc
1167 2583 1202 2628 ex
1222 2563 1356 2628 Ritualis
1371 2561 1491 2627 romani

247 2667 437 2752 praescripto
466 2667 589 2732 arcendi
619 2668 709 2744 sunt,
738 2671 910 2734 arceantur.
964 2670 1007 2733 11
1035 2668 1062 2733 11
1092 2669 1130 2733 11
1160 2687 1265 2732 corum
1294 2667 1492 2732 reiectionem

247 2772 356 2856 gravia
375 2773 545 2835 timeantur
568 2771 692 2848 damna,
713 2791 760 2838 111
782 2773 820 2836 11
846 2773 908 2838 Nos
931 2775 986 2838 aut
1008 2772 1046 2836 11
1068 2775 1206 2837 nostrum
1225 2771 1381 2836 vicarium
1399 2788 1492 2853 gene·

247 2876 345 2942 111111
366 2876 524 2941 deleratur
546 2880 598 2953 ui,
627 2876 774 2960 inspectis
795 2877 939 2943 omnibus
963 2877 1133 2956 adiunctis,
1157 2876 1189 2941 id
1213 2879 1389 2940 statuamus
1412 2873 1492 2957 quod

249 2979 348 3064 magis
367 2980 398 3045 io
421 2979 552 3046 Domino
574 2981 716 3063 expedire
738 2982 945 3047 iudicabimus
957 2983 992 3069 ⁵).

353 3085 401 3152 14.
432 3083 544 3151 (1111111
562 3088 628 3150 tarn
651 3086 837 3168 saeculares,
861 3105 954 3171 quarn
978 3086 1135 3170 regulares
1159 3085 1273 3170 patrini
1298 3102 1410 3148 munus
1434 3100 1492 3147 non

247 3189 417 3274 suscipiant
440 3189 506 3254 sine
529 3191 655 3272 speciali
675 3191 803 3256 licentia
828 3211 846 3256 a
868 3191 966 3257 Nobis
990 3210 1042 3274 per
1065 3190 1187 3255 litteras
1203 3190 1277 3253 data
1293 3192 1326 3252 et
1340 3187 1492 3253 sacerdoti

246 3294 419 3376 baptizanti
441 3293 638 3359 exhibendas.

352 3398 402 3464 15.
435 3397 551 3463 (iurent
578 3417 649 3463 roro
681 3399 806 3480 parochi
830 3401 865 3464 ut
889 3399 1003 3482 patrini
1027 3400 1127 3464 sciant
1148 3417 1180 3462 se
1204 3396 1398 3481 spiritualem
1422 3413 1492 3459 curn

247 3501 416 3584 baptizatis
439 3519 604 3584 eorumque
626 3502 805 3584 parentibus
829 3505 1016 3569 contraxisse
1040 3502 1272 3586 cognationem,
1297 3504 1329 3566 et
1349 3519 1416 3566 sese
1439 3499 1491 3565 ob-

246 3605 405 3670 strinxisse
428 3605 467 3669 ad
489 3605 570 3671 tilios
590 3605 769 3689 spirituales
789 3607 930 3672 doctrina
953 3607 1125 3673 christiana
1148 3606 1348 3683 1111111111,
1378 3605 1405 3669 si
1433 3604 1493 3687 ipsi

247 3711 389 3792 parentes
409 3709 441 3773 id
462 3719 563 3775 tacere
586 3715 741 3793 nequeant
762 3715 818 3776 aut
841 3712 1013 3796 negligant.

352 3813 403 3880 16.
433 3814 599 3897 Postquam
621 3817 725 3881 autem
750 3815 944 3900 Baptismum
969 3814 1264 3892 administraverint,
1288 3815 1374 3879 nulla
1396 3814 1490 3878 intar-
1621 3863 1622 3896 ,

246 3919 348 4002 posita
369 3936 465 3997 mora,
488 3918 520 3982 in
543 3921 769 4003 baptizatorum
795 3920 872 3986 libro
896 3921 1029 3986 referant
1052 3920 1143 3998 diem,
1167 3921 1283 3996 boram,
1308 3937 1444 3983 mensem
1461 3920 1493 3983 et

246 4041 360 4088 aunum
381 4041 442 4107 quo
460 4021 561 4088 inians
584 4026 760 4101 natusest,
785 4044 840 4090 nec
866 4044 923 4090 non
947 4025 1046 4102 diem,
1071 4043 1207 4090 mensem
1232 4027 1263 4089 et
1286 4041 1401 4088 anuum
1424 4022 1492 4106 qui-

246 4129 303 4192 bus
326 4127 504 4209 Baptismus
522 4129 654 4194 collstus
678 4130 751 4207 luit,
780 4132 875 4213 atque
905 4130 1029 4195 nomina
1059 4131 1091 4194 11
1118 4129 1301 4214 cognomina
1331 4127 1492 4210 baptizati,
1620 4165 1621 4178 .

245 4233 408 4314 parentum
431 4234 508 4309 eius,
531 4233 724 4315 patrinorum
747 4236 779 4299 et
798 4235 995 4318 baptizantis.
1620 4231 1621 4244 ¹

351 4338 400 4402 11.
431 4337 597 4403 Praeterea
616 4342 762 4403 moueant
787 4342 931 4422 parentes
955 4339 1161 4404 asinitatem
1186 4356 1266 4403 auno
1290 4337 1436 4402 minorem
1460 4335 1491 4399 iu

350 4492 376 4560 1)
394 4492 436 4548 Id.
454 4493 502 4564 Op.
518 4493 564 4548 111.
589 4493 636 4549 111).
653 4493 719 4558 Vll,
745 4510 801 4564 cap.
820 4493 849 4556 θ,
870 4511 896 4550 1.
916 4495 942 4550 4.
968 4523 1003 4534 -
1030 4496 1058 4564 2)
1074 4495 1101 4549 S.
1120 4492 1149 4549 C.
1167 4493 1196 4550 0.
1223 4495 1265 4549 13.
1287 4492 1343 4549 Jul.
1364 4491 1439 4545 1624.
1458 4517 1491 4528 -
1619 4565 1620 4568 Ἴ

244 4576 273 4645 3)
289 4577 389 4633 111111
404 4579 487 4644 xlv..
505 4578 555 4648 Op.
570 4580 618 4636 lib.
636 4583 664 4636 et
681 4598 738 4652 cap.
757 4583 803 4638 cit
822 4599 849 4637 n.
864 4585 889 4638 5.
907 4611 941 4622 -
959 4582 986 4651 4)
1007 4582 1063 4638 Rit.
1078 4581 1154 4637 Rom.
1173 4575 1490 4650 111111111111111111.
1619 4571 1620 4633 l

246 4663 274 4734 5)
294 4664 320 4718 S.
339 4664 444 4720 Posuit.
462 4666 541 4734 Resp.
559 4667 595 4722 td
613 4668 675 4723 dub.
695 4670 736 4737 15,
755 4669 800 4725 die
817 4671 860 4725 20.
879 4669 960 4725 Mart.
978 4670 1054 4726 1885.
