3275 4917
484 285 563 339 Pura
584 286 735 341 secunda:
757 284 802 341 De
820 290 1038 341 sacrementis,
1323 266 1385 334 461

135 458 222 521 rium
247 456 396 522 adhibitis
420 455 538 522 dnobus
563 457 601 522 de
626 456 771 540 Capitnlo
791 457 902 541 populo
924 455 1125 541 publicandas
1143 478 1226 525 essu:
1249 459 1388 544 itemque

134 562 262 626 oblatas
279 581 297 624 a
313 559 449 624 fidelium
473 560 588 642 pietate
604 562 825 647 eleemosynas,
851 561 937 627 nulla
954 580 1077 644 prorsus
1092 565 1221 646 accepte
1238 564 1386 642 mercede,

135 664 332 749 colligendus
354 682 429 742 esse,
454 666 489 729 ut
512 665 565 730 bos
581 664 730 731 caelestes
748 665 887 731 Ecclesia
902 665 1065 732 thesauros
1081 685 1141 731 nou
1156 667 1196 731 ad
1211 670 1387 752 quaestum,

136 768 194 832 sed
219 767 257 833 ad
281 768 429 851 pietatem
452 770 593 847 exerceri,
618 788 724 835 omues
748 788 817 835 rare
840 769 1022 853 intelligant
1034 772 1068 853 ¹).

246 872 275 936 7.
312 872 358 935 Ad
381 872 618 955 impertiendam
643 873 811 939 solemnem
839 872 1084 939 benedictionem
1116 873 1235 958 proprie
1270 874 1385 940 dictam

138 975 350 1057 pontificalem
375 994 432 1041 nou
456 974 616 1043 sufiiciunt
638 976 785 1059 specialia
804 976 970 1060 privilegia
993 976 1193 1058 regularibus
1213 976 1386 1060 antiquitus

137 1079 259 1145 trudito
286 1099 382 1162 neque
412 1079 508 1145 dubia
536 1081 721 1147 documenta
747 1080 929 1146 facultatem
953 1080 1171 1146 confirmantia
1192 1099 1290 1165 neque
1313 1099 1385 1147 cou-

138 1182 284 1260 suetudo,
317 1182 369 1248 sed
400 1185 598 1267 requiruntur
629 1184 752 1249 litterae
784 1184 833 1249 vel
856 1183 981 1250 decreta
1005 1190 1133 1251 seucme
1152 1182 1241 1251 Sedis
1264 1183 1313 1249 rel
1337 1186 1386 1250 in·

138 1287 269 1351 dubium
293 1287 505 1353 testimouium
529 1287 696 1354 decadem
721 1288 873 1354 facultate
894 1288 982 1353 uisae
1006 1290 1088 1355 uocis
1107 1287 1387 1356 oraculoobteula.

139 1390 173 1453 Si
197 1390 260 1473 qui,
281 1389 347 1456 sire
368 1391 542 1457 sacerdotes
564 1392 736 1458 saeculares
760 1392 826 1458 sint
843 1391 908 1458 sire
926 1393 1093 1478 regulares,
1118 1392 1293 1475 praedictae
1310 1412 1383 1476 pon·

138 1494 267 1559 tiliuulis
297 1494 518 1561 benedictionis
544 1496 741 1581 privilegium
771 1495 931 1580 amequuti
960 1495 1094 1575 tuerint,
1125 1514 1194 1561 earu
1226 1495 1386 1578 impertire

140 1596 268 1675 debent,
291 1598 468 1682 etquidem
490 1600 645 1666 Ordiuarii
669 1619 813 1680 assensu,
835 1620 872 1666 ea
893 1602 1016 1666 matum
1041 1601 1140 1666 iorma
1161 1619 1241 1684 quae
1264 1599 1382 1665 descri-

139 1701 224 1767 bitur·
247 1703 278 1767 iu
303 1722 380 1768 unsa
401 1704 535 1771 ltituulis
556 1704 673 1773 romani
695 1704 830 1772 editione
849 1723 970 1770 amora
987 1705 1114 1771 Rituum
1133 1704 1380 1788 congregatione

141 1806 313 1890 approbata
322 1806 358 1893 ¹).

244 1911 273 1975 8.
296 1910 425 1993 Quando
448 1913 588 1997 legitime
609 1914 795 1980 transfertur
817 1913 964 1980 solemnis
982 1912 1151 1979 celebratio
1167 1910 1303 1979 cuiusuis
1319 1910 1381 1977 diei

141 2013 222 2091 lusti,
246 2016 417 2081 translatae
436 2018 600 2083 censentur
615 2020 709 2083 etiam
730 2016 955 2101 indulgentiae,
977 2035 1055 2101 qnae
1074 2015 1190 2081 iutuitu
1206 2016 1383 2081 eorumdem

142 2118 289 2183 iustorum
313 2137 474 2187 concessae
496 2121 619 2188 luerint.
651 2121 765 2187 Verum
785 2120 824 2186 sd
847 2120 1059 2205 indulgentius
1075 2119 1305 2186 transferendas
1326 2136 1385 2184 uon

142 2223 259 2287 scilicit
281 2224 411 2308 simplex
434 2226 527 2291 oliicii
551 2228 583 2290 ct
607 2225 720 2291 Missae
735 2225 947 2308 translatio⁸).
975 2224 1007 2290 Si
1026 2224 1107 2307 quod
1123 2223 1237 2289 testum
1254 2221 1386 2288 transle-

143 2330 230 2393 ratnr
252 2328 283 2393 io
307 2331 498 2411 perpetuum,
521 2328 717 2413 indulgentia
732 2328 833 2395 eidem
849 2329 967 2395 aduam
983 2328 1171 2393 coniunctim
1187 2325 1383 2403 transfertur,

143 2432 201 2498 etsi
226 2432 341 2517 absque
373 2432 478 2517 eliqua
506 2433 703 2499 solemnitate
732 2434 765 2499 et
794 2432 918 2516 publica
946 2432 1104 2499 iunctione
1139 2432 1239 2516 ipsum
1271 2430 1384 2495 testum

143 2536 315 2603 celebretur
323 2536 360 2621 ⁴).

248 2641 278 2704 9.
304 2640 433 2705 Puroclri
455 2639 537 2705 omui
558 2659 614 2724 ope
634 2640 831 2724 compescunt
845 2658 952 2725 vagos,
975 2640 1028 2723 qui
1046 2638 1259 2724 indulgentius
1273 2636 1387 2721 imagi·

145 2743 250 2822 uibus,
281 2743 536 2821 numismatibus.
567 2743 771 2810 oratiunculis
802 2744 934 2827 aliisque
968 2744 1095 2828 pietatis
1124 2742 1224 2827 siguis
1254 2741 1387 2807 adnexas

143 2849 262 2913 iactent
282 2850 314 2913 ut
333 2846 488 2922 vendunt;
519 2848 600 2931 quod
625 2848 652 2913 si
675 2847 759 2913 nullo
785 2847 874 2913 modo
896 2849 1054 2930 praestare
1075 2846 1207 2930 queant,
1239 2845 1386 2911 moneant

145 2952 347 3036 populumne
369 2950 491 3016 illorum
516 2952 606 3035 ungis
627 2951 773 3033 praebeat
796 2968 898 3017 aures.

246 3055 296 3122 lo.
331 3053 495 3120 Neminem
519 3056 624 3119 autem
647 3054 760 3132 lateat,
790 3070 910 3131 omnes,
934 3052 986 3137 qui
1009 3054 1173 3137 quaestum
1197 3052 1317 3118 iaciunt
1337 3051 1386 3116 iu·

142 3159 309 3243 dulgeuliis
331 3157 461 3241 aliisque
484 3156 595 3240 gratiis
623 3156 852 3240 spiritualibus,
881 3158 913 3222 iu
943 3157 1288 3223 excommunicationem
1318 3156 1383 3239 ipso

143 3263 222 3329 lacto
245 3261 378 3328 incidere
402 3262 538 3327 Romano
564 3260 706 3328 Pontifici
729 3258 970 3347 reservamur).

246 3472 272 3539 1)
291 3469 369 3527 Cone.
388 3469 461 3525 Trid.
478 3486 543 3525 ress.
562 3468 637 3525 XXI.
656 3468 697 3523 De
715 3468 765 3525 rei.
783 3484 841 3538 cap.
854 3470 880 3533 o,
892 3472 921 3525 ct
935 3468 1033 3524 Decrct
1053 3468 1087 3524 de
1099 3468 1205 3538 indulg.
1219 3483 1283 3523 cesa.
1301 3467 1386 3522 XXV.

145 3587 176 3597 -
193 3558 220 3626 2)
240 3558 346 3619 Romae,
364 3574 394 3611 ex
412 3556 564 3627 typograiia
581 3554 741 3626 Polpglotta
759 3554 792 3611 de
805 3554 985 3624 Propaganda
998 3555 1060 3619 fida,
1079 3554 1154 3611 1874.
1176 3584 1207 3593 -
1225 3554 1254 3623 8)
1274 3552 1301 3607 S.
1317 3554 1339 3608 1.
1353 3552 1382 3608 C.

146 3644 183 3698 16.
201 3644 276 3712 Sept.
296 3643 370 3709 1741,
389 3644 414 3697 9.
433 3644 503 3713 Aug.
524 3642 591 3698 1852
610 3646 638 3697 ct
655 3643 680 3697 9.
699 3634 770 3713 Aug'.
790 3642 866 3697 1878.
888 3670 922 3681 -
941 3643 969 3709 4)
986 3640 1051 3697 sau
1068 3641 1097 3699 C.
1117 3642 1158 3697 12.
1173 3642 1236 3697 Jan.
1257 3641 1331 3697 1878.
1351 3670 1384 3679 -

145 3731 170 3799 5)
191 3730 253 3784 Pius
271 3729 327 3792 IX..
346 3728 437 3785 Const.
459 3730 596 3799 Apostol.
616 3728 712 3784 Sedu.

202 3868 295 3953 [Pers
316 3866 375 3932 Ill.
399 3869 432 3933 et
453 3866 506 3932 lv.
532 3866 563 3931 iu
586 3865 786 3950 sequentibus
809 3865 965 3931 fasciculis
988 3865 1308 3949 communicabimus}
