3275 4917
234 290 298 356 252
484 305 628 376 meeum
647 303 850 359 maneam
869 308 899 360 cr
918 305 1080 360 Proteum
1099 319 1127 359 α.
1146 303 1230 360 1892.

476 477 554 560 (lap.
578 476 647 542 III.
685 475 736 542 De
758 482 955 542 oeconomo
978 477 1237 558 confirmationis.

339 621 368 685 1.
400 617 478 683 Cum
502 615 697 700 Baptismum
723 614 908 698 recepimus,
940 613 997 680 filii
1024 615 1080 681 Dei
1103 613 1239 700 adoptivi
1264 615 1338 682 lacti
1361 635 1477 698 sumus,

232 726 361 809 ideoque
384 722 473 807 regni
493 721 636 786 caelestis
660 719 808 785 haeredes
830 721 864 804 ¹).
905 719 958 799 At,
984 739 1020 784 ne
1044 721 1130 785 noble
1153 720 1192 786 ad
1215 721 1337 786 tantam
1361 719 1479 786 adeun-

233 829 306 895 dam
336 826 563 893 haereditatem
593 825 642 890 tot
671 824 753 889 iuter
784 823 869 889 ritae
897 825 988 889 huius
1012 823 1132 890 labores
1156 825 1187 889 et
1210 825 1321 891 salutis
1342 826 1479 908 pericula

233 934 355 999 animus
377 933 516 1015 viresque
540 929 721 1006 deficerent,
746 927 890 994 Salvator
914 932 1016 995 noster
1039 948 1092 1012 pro
1115 949 1171 994 sua
1193 929 1317 995 infinita
1340 929 1479 996 bonitate

233 1037 332 1106 uoluit
354 1037 546 1102 sacramento
567 1032 816 1100 Confirmationis
840 1035 960 1100 nostrae
981 1034 1139 1100 consulere
1159 1033 1345 1099 infirmitati.
1385 1035 1423 1100 ΙΙΙ
1448 1051 1478 1100 re

232 1143 357 1227 quidem
388 1159 462 1207 uere
489 1139 546 1204 boc
577 1137 777 1204 Sacramento
801 1138 957 1203 munimur
980 1157 1016 1202 ac
1040 1139 1219 1203 roboramur
1243 1142 1278 1205 ut
1300 1144 1407 1206 contra
1422 1139 1477 1203 in-

233 1247 329 1314 sidias
351 1244 468 1310 diaboli
490 1243 613 1309 iortIter
635 1243 783 1307 dimicare
810 1252 843 1308 et
864 1242 955 1308 fidem
980 1243 1110 1308 firmiter
1132 1247 1236 1309 tenere
1262 1263 1298 1308 ac
1326 1243 1478 1328 intrepide

233 1349 371 1437 profiteri
395 1349 556 1433 possimus.

337 1467 368 1529 2.
397 1463 528 1528 Parocbi
548 1463 655 1545 itaque
676 1460 799 1525 adultos
823 1463 967 1525 moneant
995 1461 1077 1546 ipsos
1109 1462 1246 1544 grauiter
1274 1481 1419 1545 peccare,
1451 1465 1477 1526 si

235 1571 292 1636 boc
322 1569 483 1652 negligant
514 1567 668 1650 suscipere
699 1564 952 1642 Sacramentum
987 1566 1062 1638 item
1098 1569 1242 1631 moneant
1275 1568 1417 1649 parentas
1446 1568 1478 1632 et

233 1675 383 1759 quotquot
416 1672 547 1737 allorum
580 1689 686 1735 curam
722 1669 851 1748 babent,
888 1669 1023 1734 eiusdem
1060 1671 1167 1754 culpae
1202 1689 1267 1735 reos
1302 1669 1382 1751 fieri,
1420 1671 1477 1735 nisi

232 1781 340 1844 curent
361 1779 398 1842 ut
421 1795 440 1840 a
460 1775 534 1841 filiis
557 1778 589 1840 et
611 1773 744 1839 subditis
767 1773 850 1838 idem
873 1772 1108 1840 Sacramentum
1135 1773 1311 1858 recipiatur.

337 1891 367 1957 3.
399 1889 440 1956 Ut
467 1889 499 1953 in
526 1887 628 1971 pueris
658 1886 835 1970 baptismali
860 1905 939 1971 aqua
963 1887 1143 1966 abluendis,
1172 1887 1217 1952 ita
1246 1887 1338 1952 etin
1367 1887 1476 1952 iisdem

233 2013 320 2061 sacro
343 1993 511 2060 chrismate
534 1991 694 2074 signandis
716 1991 831 2075 patrini
852 1990 982 2057 adscisci
1007 1991 1136 2067 debent;
1160 1991 1212 2075 qui
1236 1991 1317 2056 enim
1339 2010 1477 2076 pugnare

234 2099 340 2176 debet,
364 2097 532 2162 dimicandi
555 2099 623 2160 arte
634 2095 853 2160 instituendus
884 2098 976 2179 atque
1007 2095 1193 2161 erudiendus
1223 2097 1288 2173 est;
1318 2096 1398 2179 quod
1431 2101 1477 2160 est

233 2203 426 2288 patrinorum
450 2219 561 2265 munus
574 2202 611 2281 ¹).
646 2197 705 2263 Sed
728 2199 811 2263 inter
834 2200 973 2282 patrinos
992 2200 1044 2283 qui
1068 2201 1099 2263 ln
1127 2201 1285 2284 Baptismo
1309 2204 1340 2264 et
1356 2219 1408 2266 eos
1424 2200 1476 2284 qui

233 2309 265 2373 in
289 2307 528 2373 confirmatione
551 2304 747 2382 adhibentur,
771 2304 829 2368 boc
852 2304 991 2382 interest,
1015 2303 1094 2387 quod
1116 2304 1148 2368 in
1171 2304 1225 2370 illo
1248 2307 1293 2370 vir
1316 2308 1348 2369 et
1366 2305 1478 2370 mulier

233 2411 326 2477 simul
349 2412 479 2495 possunt
502 2408 653 2486 adhiberi,
677 2409 709 2472 in
733 2409 790 2474 boc
814 2427 884 2474 vero
908 2429 986 2473 unus
1011 2413 1066 2473 aut
1088 2429 1149 2473 una
1173 2409 1342 2489 dumtaxat,
1370 2429 1477 2493 nempe

233 2535 301 2581 mas
325 2533 377 2599 pro
400 2533 502 2591 mare,
533 2513 667 2578 foemina
689 2531 742 2596 pro
766 2512 916 2589 foemina,
946 2517 982 2580 ut
1003 2513 1062 2578 lert
1085 2513 1266 2579 universaIIs
1289 2515 1477 2579 consuetudo

233 2624 266 2685 et
293 2619 382 2685 docet
411 2618 584 2683 communis
617 2620 777 2681 auctorum
812 2617 978 2684 sententia
1025 2617 1153 2682 clericis
1185 2619 1395 2683 saecularibus
1421 2619 1476 2684 boc

233 2741 345 2788 munus
381 2741 439 2787 non
473 2723 615 2796 retatur;
656 2723 779 2787 rotatur
815 2740 886 2786 vero
923 2721 1081 2787 monacbis
1119 2724 1151 2787 et
1189 2723 1476 2788 sanctimonialibus

233 2828 363 2910 aliisque
385 2828 533 2910 cuiusque
556 2825 680 2890 Ordinis
704 2825 865 2909 regularis,
891 2826 950 2890 nisi
973 2845 1102 2908 persona
1125 2827 1336 2892 confirmanda
1359 2829 1400 2892 sit
1421 2847 1474 2911 pa·

232 2933 309 2998 riter
338 2931 499 3015 regularis.
552 2931 684 2995 Vetatur
712 2931 837 3014 insuper
865 2929 946 3012 patri
976 2935 1008 2996 et
1042 2932 1153 3009 matri,
1186 2931 1299 2998 marito
1329 2935 1361 2998 et
1392 2933 1476 2998 uxori

233 3038 330 3121 ipsius
352 3035 568 3112 confirmandi,
600 3053 656 3099 nec
685 3053 742 3099 uon
766 3035 886 3118 eisqui
910 3035 971 3099 iam
995 3036 1027 3099 in
1055 3036 1247 3118 baptismate
1270 3055 1344 3120 erga
1366 3037 1477 3102 confir·

233 3141 380 3207 mandum
402 3140 591 3224 patrinorum
614 3138 715 3204 officio
738 3139 836 3203 iuncti
860 3141 941 3217 sunt,
967 3139 1025 3203 nisi
1047 3144 1140 3224 cogat
1155 3143 1324 3208 necessitas
1334 3144 1377 3222 ⁸);
1400 3142 1475 3206 item

234 3247 366 3311 nondum
390 3244 579 3310 confirmatis
610 3244 694 3326 (qui,
719 3244 744 3307 si
767 3244 884 3327 patrini
906 3261 1015 3308 munus
1036 3244 1182 3322 obierint,
1208 3265 1267 3310 non
1290 3247 1477 3311 contrahunt

233 3352 448 3435 cognationem
471 3347 664 3431 spiritualem
677 3349 727 3432 ¹);
759 3366 795 3410 ac
827 3347 1000 3430 generatim
1029 3349 1067 3414 iis
1089 3349 1232 3414 omnibus
1255 3351 1308 3434 qui
1331 3349 1370 3414 ad
1394 3349 1475 3415 idem

232 3455 367 3520 officium
398 3459 430 3518 in
465 3452 657 3534 baptismate
688 3451 811 3515 admitti
845 3452 1043 3533 probibentur
1053 3455 1089 3534 Ι).
1136 3454 1235 3520 Nemo
1255 3459 1359 3519 autem
1384 3473 1473 3538 prae·

133 3578 135 3581 ·
231 3561 335 3624 aentet
357 3557 415 3620 nisi
439 3575 533 3620 unum
557 3557 613 3618 aut
635 3554 710 3619 duos
733 3558 876 3632 tantum,
908 3575 965 3620 non
990 3556 1108 3638 plures,
1143 3558 1201 3623 uisi
1222 3559 1253 3622 in
1276 3577 1350 3623 casu
1373 3577 1477 3625 neces-

232 3661 337 3728 sitatis
359 3681 377 3724 a
399 3659 497 3724 Nobis
520 3659 744 3743 iudicandaell.
796 3659 916 3724 Patrini
948 3678 1019 3725 vero
1049 3665 1114 3739 est,
1145 3663 1218 3727 dum
1250 3667 1475 3728 sacramentum

233 3764 483 3832 Confirmationis
509 3763 764 3841 administratur,
803 3783 927 3829 manum
963 3765 1119 3830 dexteram
1154 3785 1245 3850 super
1273 3767 1477 3833 confirmandi

232 3871 390 3936 dexterum
421 3871 582 3934 bnmcrnm
613 3870 718 3933 tenere
746 3870 848 3953 quoad
879 3871 1065 3935 sacramenti
1094 3871 1192 3936 torma
1216 3891 1269 3954 per
1294 3872 1476 3957 Episcopum

233 3975 376 4041 absoluta
399 3975 500 4039 luerit
532 3974 620 4054 Quod
641 3973 667 4038 si
691 3974 920 4039 confirmandus
936 3975 1107 4040 infantulus
1123 3977 1176 4054 sit,
1196 3976 1334 4058 patrinus
1351 3978 1476 4042 bractio

232 4099 288 4146 sno
311 4080 435 4145 dextero
457 4097 528 4144 eum
551 4079 715 4144 sustineat.

334 4195 365 4260 4.
410 4193 450 4257 Ut
482 4190 683 4256 confirmandi
717 4189 988 4256 confirmationem
1022 4191 1180 4258 fructuose
1216 4193 1385 4277 recipiant,
1422 4213 1475 4278 per

294 4335 494 4343 -.υ-...ὰ--ο

336 4401 363 4470 1)
381 4402 458 4456 Rom.
477 4401 558 4465 VIII,
580 4401 667 4456 15-17.
697 4429 731 4439 —
758 4400 785 4468 2)
808 4400 834 4456 S.
854 4401 948 4456 Thom.
966 4401 1067 4458 Summ.
1086 4403 1207 4474 theolog.
1232 4421 1289 4474 par.
1308 4403 1365 4469 111,
1390 4421 1417 4474 q.
1431 4403 1474 4459 72.

231 4507 257 4545 a.
276 4489 309 4541 l0
326 4488 356 4542 in
372 4503 444 4555 corp.
464 4515 499 4527 -·
515 4485 543 4553 8)
563 4487 589 4541 S.
608 4484 637 4540 O.
655 4485 685 4541 (t.
703 4487 743 4542 lc.
763 4485 841 4542 Febr.
863 4487 938 4543 1884.
956 4515 990 4528 -
1008 4489 1036 4557 t)
1053 4489 1080 4543 S.
1100 4486 1129 4543 (l.
1150 4487 1179 4545 (I.
1200 4490 1241 4546 16.
1260 4489 1324 4546 Jun.
1345 4491 1422 4546 1654.
1440 4519 1474 4530 -

232 4575 261 4643 5)
276 4575 355 4628 Pont
374 4589 439 4628 rorn.
459 4573 500 4626 De
516 4571 713 4637 conllmcudis,
731 4577 759 4629 ct
777 4574 805 4629 S.
823 4575 928 4630 Poeuit.
947 4575 988 4629 15.
1005 4575 1085 4630 nnnc.
1104 4575 1181 4631 laco.
1200 4603 1234 4616 -
1251 4577 1278 4645 8)
1297 4575 1325 4632 S.
1339 4577 1372 4632 a
1391 4575 1420 4631 G.
1440 4575 1473 4632 ln

233 4657 393 4724 Faesulana,
414 4658 455 4714 12.
472 4658 528 4713 Jul
545 4659 621 4715 1828.
