3275 4917
593 298 672 354 Para
688 302 810 367 pamas
831 297 877 354 De
895 298 981 354 racc.
1339 276 1404 342 243

83 523 87 528 .
161 468 272 546 roecia,
296 469 523 554 cumprimum
546 470 612 536 fieri
636 472 767 554 poterit,
790 469 996 538 instituantur
1019 473 1052 534 et
1073 469 1240 554 primariae
1261 487 1405 534 romanae

162 571 372 652 ascribantur,
402 595 481 658 quae
512 575 652 657 pluribus
685 575 891 659 indulgentiis
917 575 1107 658 locupletata
1135 577 1182 638 cst
1204 575 1236 638 et
1256 572 1405 656 appositis

161 677 279 760 regulis
301 676 462 745 instructa
500 678 678 745 Curandum
702 682 879 746 astantem
903 682 940 745 ut
963 679 1047 744 bisce
1069 677 1272 744 societatibus
1294 696 1404 743 nomeu

160 781 234 846 dent
258 784 516 865 patresfamilias,
547 783 612 848 beri
642 785 675 849 et
707 784 802 850 ceteri
832 785 884 869 qui
907 784 978 848 aliis
1001 781 1229 867 quomodolibet
1250 782 1404 864 praesnut,

161 888 254 969 atque
284 888 456 970 spondeant
477 907 510 952 se
529 888 627 965 tilios,
656 907 758 954 serres
785 908 862 972 quos
895 888 1107 971 blasphemare
1138 884 1404 970 deprehenderint,

162 990 382 1074 redarguturus
405 996 437 1057 et
460 996 669 1077 castigatores
683 993 720 1080 ¹).

265 1096 296 1162 4.
328 1097 436 1178 Quoad
467 1116 538 1162 rem
565 1098 720 1163 Ecclesiae
743 1098 925 1182 praecepta,
959 1096 1082 1162 etiamsi
1111 1115 1147 1162 ea
1176 1094 1309 1178 plurima
1332 1093 1405 1170 sint,

161 1201 267 1263 tamen
289 1201 442 1283 quaedam
465 1221 502 1267 ex
524 1202 604 1277 illis,
631 1204 739 1285 utpote
760 1201 995 1286 principaliora,
1027 1201 1066 1266 ab
1095 1201 1239 1266 universa
1268 1196 1403 1262 bdelium

162 1301 284 1368 familia
306 1305 419 1390 ubique
442 1307 581 1389 gentium
604 1311 678 1372 aunt
701 1307 873 1372 necessario
887 1306 1055 1382 servanda3
1080 1304 1207 1387 ideoque
1223 1301 1406 1366 excellenter

162 1413 326 1492 praecepta
360 1411 512 1477 Ecclesiae
541 1413 699 1478 uocantur.
753 1409 903 1492 Quoniam
941 1414 1045 1474 anatem
1078 1409 1116 1473 de
1151 1408 1198 1472 his
1234 1404 1404 1490 praeceptis

161 1511 252 1594 plura
273 1513 410 1579 dicemus
432 1534 503 1580 cnm
525 1515 564 1580 da
589 1516 820 1592 Eucharistiae,
854 1514 1065 1580 Poenitentiae
1086 1516 1117 1578 et
1141 1509 1332 1576 Matrimonii
1355 1527 1404 1574 sa-

162 1618 330 1684 cramentis
353 1622 474 1702 agetur,
498 1624 539 1696 et,
562 1621 643 1703 quod
667 1619 811 1694 sciamus,
836 1638 925 1684 nemo
948 1621 997 1683 est
1018 1619 1050 1683 iu
1073 1617 1184 1682 nostris
1208 1613 1405 1680 Dioecesihns

161 1721 213 1802 qui
236 1722 274 1783 ad
295 1721 433 1787 decimas
455 1724 576 1806 proprie
599 1725 699 1788 dictas
721 1723 935 1806 persolvendas
959 1722 1183 1805 adstringatur,
1208 1719 1258 1783 hic
1281 1721 1402 1783 tanturn

162 1823 201 1886 de
220 1823 338 1888 dierum
361 1827 623 1904 sanctificatione,
655 1827 692 1891 de
721 1827 835 1891 ieiunio
867 1831 898 1890 et
926 1827 1117 1891 abstinentia
1149 1822 1295 1889 nonnulla
1318 1839 1405 1906 prae·

162 1927 319 2010 cipiemus.

267 2033 295 2099 5.
329 2033 426 2112 Deos,
458 2038 494 2100 ut
516 2055 677 2118 supremus
698 2036 834 2100 omniurn
859 2039 1031 2118 temporum
1054 2033 1204 2100 Dominus
1226 2031 1257 2096 et
1279 2030 1405 2108 arbiter,

161 2135 281 2219 aliquos
304 2136 370 2204 dics
391 2139 451 2204 sibi
473 2140 592 2205 addixit
613 2141 769 2224 noluitque
793 2143 828 2204 ut
850 2141 882 2203 iu
907 2139 955 2204 bis
979 2139 1147 2222 impensius
1167 2157 1235 2202 eum
1253 2136 1404 2210 calamum

163 2241 215 2324 qui
238 2242 305 2307 dies
334 2243 357 2307 ii
388 2246 462 2309 aunt
490 2264 565 2327 quos
598 2244 736 2310 Ecclesia
768 2243 957 2327 praefinirit;
992 2242 1031 2306 ad
1063 2243 1161 2324 ipsam
1195 2241 1276 2305 enirn
1307 2239 1405 2304 solam

161 2351 282 2428 spectat
305 2347 384 2413 testa
405 2349 569 2414 instituere
592 2353 622 2414 at
646 2351 805 2432 abrogare.

266 2453 296 2514 o.
330 2449 496 2534 Propterea
518 2453 692 2518 sacerdotes
714 2469 838 2530 omues,
869 2456 901 2518 et
929 2453 1107 2535 praesertim
1133 2451 1184 2534 qui
1208 2468 1312 2513 curam
1337 2449 1404 2512 aui·

163 2571 284 2618 marum
316 2556 450 2636 habent,
485 2558 628 2639 populum
663 2557 700 2620 de
734 2558 790 2623 hoc
821 2555 907 2640 gravi
935 2559 1096 2642 praecepto
1126 2555 1191 2620 dies
1221 2553 1316 2618 festos
1344 2552 1405 2616 rita

162 2655 377 2723 sanctificandi
400 2665 623 2740 commoneant,
646 2661 837 2745 doceantque
853 2661 925 2743 quid
944 2659 1118 2725 huiusmodi
1134 2659 1266 2742 postulet
1284 2655 1400 2722 sancti·

164 2761 282 2840 ficatio,
305 2781 324 2828 a
344 2765 456 2847 quibus
476 2765 596 2831 scilicet
618 2766 761 2849 operibus
785 2764 1001 2830 abstinendum
1025 2766 1082 2842 sit,
1107 2763 1271 2848 atquibus
1294 2779 1403 2826 uocau-

162 2866 245 2931 dnnn.
294 2865 481 2952 hlagoopere
511 2873 616 2934 autem
650 2871 791 2934 eumdem
829 2871 985 2953 populum
1010 2869 1187 2943 hortentur,
1224 2863 1403 2949 praesertim

162 2971 404 3054 patresfamilias
426 2979 602 3057 ceterosque
625 2975 677 3057 qui
702 2974 731 3038 io
756 2973 834 3038 alios
858 2978 1041 3056 potestatem
1072 2973 1202 3046 babent,
1235 2973 1268 3032 ut
1296 2968 1405 3032 diebus

161 3074 249 3139 lestis
272 3076 415 3160 operibus
438 3077 600 3141 seruilibus
621 3097 679 3142 non
703 3078 778 3141 dent
799 3096 940 3160 operam,
970 3095 1067 3160 neque
1098 3075 1156 3140 sibi
1187 3074 1342 3137 subiectos
1364 3072 1401 3136 ad

162 3197 199 3244 ea
220 3181 351 3263 cogant,
381 3179 458 3245 illud
481 3181 783 3258 animadvertentes,
809 3182 889 3264 qued
916 3180 1008 3247 sicuti
1031 3179 1154 3243 divinae
1177 3177 1405 3242 benedictiones

163 3287 290 3366 paratae
312 3287 385 3349 suut
406 3285 447 3349 iis
466 3285 517 3368 qui
542 3285 620 3350 festa
644 3287 702 3350 rite
721 3283 936 3362 sanctificant,
960 3285 1005 3350 ita
1028 3284 1151 3348 divinae
1174 3281 1405 3346 meledictiones

162 3387 201 3452 iis
224 3389 387 3454 imminent
409 3389 462 3473 qui
483 3389 618 3455 audeant
637 3389 694 3455 illa
715 3389 885 3474 profanare.

268 3493 297 3559 7.
328 3493 492 3560 Praeterea
519 3497 628 3559 curent
657 3497 692 3558 ut
720 3495 828 3560 fideles
851 3494 909 3559 sihi
933 3493 1088 3559 commissi
1107 3492 1211 3558 absint
1234 3513 1251 3555 n
1275 3491 1404 3575 popinis,

162 3597 295 3661 maxime
317 3598 390 3661 dom
414 3599 445 3662 io
471 3598 616 3663 viciniore
637 3598 768 3664 eeclesia
789 3600 845 3663 aut
866 3599 978 3663 sacello
1009 3597 1181 3663 celebratur
1207 3596 1317 3668 ldissa,
1350 3597 1406 3659 aut

163 3699 345 3782 explanatur
374 3702 499 3767 uerbum
531 3702 607 3780 Dei,
644 3705 699 3768 aut
733 3703 909 3768 catecheses
944 3703 1114 3782 habentur,
1145 3705 1200 3767 ant
1234 3700 1405 3766 iunctiones

164 3807 372 3887 peraguntnr;
402 3807 538 3889 itemque
561 3811 689 3886 curent,
713 3808 739 3870 si
760 3807 892 3872 incultas
913 3808 1006 3882 terat,
1040 3809 1075 3870 nt
1106 3806 1160 3871 boc
1184 3810 1322 3890 tempore
1346 3822 1403 3868 non

164 3907 253 3974 modo
275 3909 414 3992 popinae,
439 3912 492 3976 sed
508 3929 665 3994 cauponae
681 3913 775 3976 etiam
792 3911 915 3976 clausae
932 3915 1086 3976 maneant.
1110 3909 1272 3992 increpent
1288 3914 1403 3984 anatem,

162 4013 340 4096 etquidem
364 4013 580 4091 uehementer,
616 4035 667 4081 eos
696 4014 749 4100 qui
779 4019 904 4080 tantum
936 4017 1025 4080 abest
1056 4017 1090 4079 ut
1115 4015 1211 4078 Deum
1236 4010 1405 4095 impensius

163 4117 286 4196 colant,
310 4121 345 4181 nt
368 4119 470 4200 potius
493 4118 594 4196 ludis,
620 4119 857 4196 saltationibus,
889 4119 1093 4202 impudicitiis
1115 4117 1244 4201 aliisque
1268 4116 1404 4198 torpitu-

161 4221 286 4286 dinibus
309 4221 503 4304 impudenter
525 4221 591 4287 eins
613 4227 811 4288 contemnant
836 4223 1040 4288 maiestatem.

265 4326 295 4390 8.
326 4325 477 4408 Quoniam
509 4346 578 4393 rero
609 4327 725 4393 iactum
749 4331 798 4393 eet
819 4328 881 4392 iam
906 4328 1015 4392 tritum
1038 4345 1176 4392 sermone
1200 4325 1403 4411 proverbium,

162 4430 282 4495 veniam
307 4430 483 4496 necessitati
506 4431 641 4496 dandum
665 4449 742 4512 essa,
761 4432 788 4498 si
810 4433 862 4515 qui
882 4431 990 4497 diebos
1012 4431 1100 4496 lestis
1115 4431 1155 4496 ad
1172 4450 1265 4515 opera
1280 4428 1405 4496 servilia

264 4636 293 4706 1)
310 4637 350 4694 Ex
365 4637 422 4694 litt.
443 4639 485 4694 Pii
503 4639 551 4696 lx.
570 4641 605 4698 ad
623 4638 703 4697 cnr.
721 4639 802 4698 Urbis
823 4639 969 4706 vinarium,
987 4641 1032 4698 dia
1050 4641 1091 4696 lE
1110 4641 1169 4698 Oct
1189 4639 1265 4697 1867.
