3275 4917
219 276 283 342 236
472 293 615 363 Sporadas
635 291 836 349 Ptolomaeis
854 295 884 348 ct
903 291 1063 350 Prolem
1082 308 1110 347 a.
1126 289 1209 349 1892.

322 467 373 532 26.
396 467 505 551 Neque
528 485 546 531 a
569 467 696 549 peccato
711 465 835 530 mortali
851 466 1036 530 excusantur
1052 464 1226 542 architecti,
1249 465 1461 544 conductores,

220 571 312 654 vulgo
325 572 531 656 appellatori,
547 569 703 636 fabrorum
722 570 876 654 magistri,
895 569 986 653 vulgo
1002 573 1222 651 capernacstri,
1239 571 1291 653 qui
1307 571 1459 653 propriam

218 676 379 741 conterant
410 694 533 759 operam
568 675 607 739 ad
642 674 766 759 aliquod
800 675 1034 740 haereticoram¹
1058 673 1163 739 lanum
1195 674 1397 742 extruendam
1430 676 1461 740 et

217 781 434 846 exornandam.
480 779 587 861 Quoad
610 781 780 844 structores
803 797 874 844 vero
897 779 1034 863 aliosque
1057 781 1212 863 operarios
1242 779 1416 855 interiores,
1441 799 1460 843 a

217 887 343 967 peccato
371 885 522 948 immunes
546 883 653 948 haberi
677 885 836 966 poteraut,
868 883 1032 947 dummodo
1056 902 1160 947 aarum
1182 902 1257 967 opas
1279 883 1460 948 scarrdalam

217 1007 275 1072 uqa
300 988 401 1071 pariat
424 1007 522 1071 nequo
547 987 603 1051 liat
625 987 656 1052 in
679 988 851 1052 catholicae
876 987 1033 1072 religionis
1055 989 1276 1070 contemptum.
1326 989 1383 1053 Ast
1407 1007 1459 1070 pa·

217 1093 300 1156 rachi
323 1096 356 1156 et
376 1091 552 1157 confessarii
576 1091 714 1156 sedulam
743 1094 901 1157 navabant
924 1111 1046 1174 operam
1080 1094 1115 1156 ut
1146 1093 1278 1157 minores
1308 1091 1458 1158 eiusmodi

217 1197 352 1262 artifices
388 1201 532 1262 moueant
564 1215 597 1260 se
631 1196 688 1260 tali
723 1213 812 1280 opere
849 1196 1002 1263 materiali
1035 1196 1189 1261 abstinere
1224 1215 1347 1262 neccsse
1381 1215 1458 1274 esse,

215 1300 337 1384 quando
360 1301 407 1365 rel
431 1320 505 1382 opus
528 1300 734 1365 communiter
756 1299 870 1366 falsam
890 1304 1003 1383 arguat
1032 1299 1230 1383 religionem,
1264 1302 1310 1366 rel
1341 1301 1457 1386 aliquid

215 1404 373 1470 contineat
395 1405 475 1488 quod
500 1405 588 1470 unice
611 1408 644 1469 et
666 1405 782 1469 directe
804 1405 1057 1489 approbationem
1077 1405 1216 1471 damuati
1234 1406 1457 1471 haereticorum

216 1508 318 1573 cultas
341 1508 514 1592 portendat,
539 1509 586 1573 ael
608 1511 634 1572 si
657 1512 777 1574 constet
799 1508 838 1573 ed
862 1528 937 1590 opus
960 1527 1010 1574 eos
1034 1511 1073 1574 ab
1097 1510 1261 1575 haereticis
1286 1510 1387 1574 vocari
1403 1512 1458 1575 aut

215 1613 284 1697 cogi
306 1613 339 1677 in
360 1613 530 1678 catholicae
554 1614 711 1700 religionis
731 1614 942 1696 contemptum
957 1618 992 1697 ¹).

318 1725 370 1792 27.
406 1726 549 1792 Ceteram
584 1725 691 1791 fideles
726 1727 856 1791 careant
886 1728 1007 1810 oportet
1041 1727 1137 1791 etiarn
1165 1727 1203 1792 ab
1230 1726 1351 1792 insidiis
1380 1745 1457 1810 quas

217 1829 306 1899 hodie
338 1831 484 1914 antiquus
506 1830 699 1897 adversarias
721 1833 869 1896 iustruxit
896 1831 1028 1897 iuuentis
1050 1849 1128 1915 qaae
1153 1835 1263 1897 vocant
1287 1831 1457 1915 magnetis-

216 1953 317 2012 mam,
353 1935 651 2000 sonnambulismum
684 1941 717 1999 et
749 1935 866 2000 claram
899 1936 1115 2012 intuitionem,
1149 1936 1261 2018 quibus
1288 1955 1346 2002 noa
1366 1935 1457 2018 pauci

214 2038 375 2104 christiani
407 2039 577 2104 miserrime
611 2038 851 2104 hallucinantur.
908 2040 967 2121 lpsi
1004 2040 1144 2106 noverint
1177 2039 1456 2123 Congregstionem

215 2144 316 2207 sancti
340 2141 478 2227 Officiil)
507 2146 615 2207 contra
641 2162 693 2208 eos
723 2144 775 2227 qai
804 2163 837 2208 se
860 2143 1029 2209 invisibilia
1052 2163 1191 2227 quaeque
1215 2147 1388 2226 conspicere
1412 2142 1457 2208 el-

215 2246 343 2324 futiant,
367 2265 403 2310 aa
425 2246 462 2310 de
484 2248 552 2329 ipsa
574 2247 723 2330 religione
745 2267 915 2312 sermonem
935 2248 1106 2327 instituere,
1130 2249 1250 2313 animas
1267 2251 1455 2314 mortuorum

214 2368 340 2415 evocare
379 2369 523 2434 responsa
555 2353 708 2434 accipere,
745 2353 853 2436 ignota
882 2371 919 2417 ac
948 2353 1114 2436 longinqua
1145 2353 1302 2436 detegere,
1334 2353 1456 2435 aliaque

215 2453 353 2537 ejusdem
389 2456 511 2538 generis
544 2457 760 2540 superstitiosa
794 2474 931 2522 exercere
953 2475 1030 2522 ausu
1052 2457 1216 2524 temerario
1246 2459 1456 2540 praesumunt,

214 2557 357 2625 delinisse
385 2560 417 2623 ia
452 2559 537 2623 hisce
567 2560 728 2638 omnibus,
763 2579 955 2644 quacumque
987 2561 1111 2626 demum
1145 2562 1274 2627 utuntur
1308 2563 1374 2626 arte
1409 2560 1455 2626 rel

213 2663 372 2740 illusione,
396 2682 466 2727 cam
490 2663 697 2728 adhibeantur
720 2664 822 2728 media
846 2664 973 2749 physica
995 2665 1034 2729 ad
1057 2665 1186 2730 effectus
1210 2684 1266 2731 noa
1287 2667 1454 2742 naturales,

214 2767 341 2850 reperiri
363 2766 570 2850 deceptionem
600 2768 723 2831 omnino
754 2768 897 2832 illicitum
928 2770 961 2834 et
992 2768 1210 2835 haereticalem
1241 2774 1334 2853 atque
1364 2789 1452 2835 scaa-

212 2871 318 2936 dalam
346 2874 454 2936 contra
484 2872 677 2937 honestatem
702 2889 831 2938 moram.
871 2873 1063 2956 Quapropter
1094 2891 1181 2938 sacra
1214 2875 1455 2940 Paenitentiaria

212 2975 419 3061 declararit⁸)
449 2975 665 3040 adsistentium
699 2977 795 3040 etiam
824 2995 904 3041 ruere
935 2977 1088 3059 passivam
1111 2978 1275 3061 spirituum
1299 2979 1454 3044 consalta·

211 3080 347 3146 tionibus
369 3081 400 3145 et
421 3081 539 3145 lusibus
559 3081 705 3145 illicitam
724 3099 791 3145 esse
814 3082 933 3146 ratione
956 3081 1094 3147 scandali
1116 3086 1148 3147 et
1170 3083 1297 3166 periculi
1314 3082 1454 3166 propriae

210 3186 332 3260 salutis,
354 3204 433 3268 quae
455 3203 620 3268 numquam
643 3184 766 3268 penitus
789 3184 913 3250 absunt.

314 3298 365 3362 28.
398 3297 507 3380 ltaque
538 3298 660 3379 parochi
694 3300 855 3363 hortentur
885 3297 989 3363 fideles
1018 3302 1054 3363 ut
1074 3300 1112 3363 ab
1136 3299 1278 3365 omnibus
1301 3301 1453 3384 supersti-

210 3401 346 3466 tionibus
367 3401 405 3465 de
427 3402 538 3485 quibus
561 3403 763 3478 dictumest,
793 3401 923 3484 aliisque
946 3402 978 3466 id
1002 3422 1099 3486 genus
1122 3421 1315 3485 summopere
1338 3404 1451 3469 abhor-

211 3508 313 3580 reant,
338 3507 373 3568 at
393 3524 459 3568 scae
483 3505 649 3569 defendant
671 3504 711 3569 ab
734 3504 855 3568 insidiis
877 3505 1010 3585 diaboli,
1042 3507 1095 3590 qui
1128 3509 1185 3572 hac
1218 3509 1350 3573 maxime
1373 3510 1451 3572 terrr-

210 3611 330 3691 pestate
356 3612 533 3691 »tamquam
557 3609 603 3673 leo
626 3608 760 3691 rugiens,
783 3609 895 3674 circuit
915 3629 1062 3693 quaerens
1085 3630 1176 3696 quem
1200 3612 1324 3679 deraret
1339 3612 1394 3697 ⁴).‹

482 3797 559 3882 Gap.
583 3799 645 3866 IV.
685 3799 735 3868 Dc
757 3801 905 3868 doctrina
921 3802 998 3884 fidel
1020 3803 1185 3871 tradendo.

314 3947 342 4013 1.
368 3932 512 4013 Doctrina
535 3947 605 4013 lidei
631 3948 775 4014 fidelibus
799 3953 871 4014 nota
894 3969 960 4016 csse
982 3951 1075 4016 debet
1096 3969 1154 4016 nou
1172 3951 1348 4036 modoquia
1364 3953 1452 4018 valde

208 4050 326 4116 coalert
345 4051 383 4116 ad
408 4052 582 4133 aagendam
606 4053 827 4136 fovendamque
851 4053 949 4136 ipsam
972 4053 1074 4134 fidem,
1101 4074 1206 4120 rerum
1230 4057 1325 4122 etiam
1349 4058 1450 4122 atilli

207 4158 310 4221 sciant
331 4156 404 4239 quid
429 4175 530 4239 agere,
553 4156 626 4241 qaid
650 4158 756 4241 lugere
777 4159 911 4222 debeant
927 4161 962 4222 ut
976 4158 1142 4225 caelestem
1158 4161 1289 4244 gloriam
1307 4163 1450 4246 consequi

208 4261 340 4326 valeant.
388 4261 628 4346 »Evangeliam
660 4263 762 4346 iuquit
794 4263 928 4340 Paulas,
962 4263 1060 4329 virtus
1094 4266 1149 4331 Dei
1179 4269 1227 4330 est
1256 4268 1288 4331 iu
1317 4267 1450 4332 salutem

310 4467 336 4533 l)
355 4467 393 4521 ldx
411 4468 719 4524 cannamomum.
738 4474 766 4525 et
784 4471 902 4526 nairerr.
920 4473 1124 4542 Inquisitiouis,
1151 4490 1169 4529 a
1191 4473 1269 4532 Card.
1293 4475 1400 4530 Vicario
1421 4475 1450 4530 in

206 4553 279 4608 Urbe
297 4553 340 4608 die
360 4555 400 4608 18.
418 4554 488 4609 Jalii
509 4554 578 4610 1878
593 4557 731 4628 evulgata
750 4585 785 4596 -
800 4558 830 4626 2)
848 4556 900 4614 Die
918 4559 959 4614 28.
978 4559 1046 4615 Jalii
1066 4559 1142 4615 1847.
1161 4587 1195 4600 -
1213 4561 1241 4629 8)
1260 4559 1311 4615 Die
1329 4560 1353 4616 1.
1372 4559 1451 4616 ll'ebr.

207 4639 283 4695 1882.
303 4668 335 4678 -
352 4640 381 4709 4)
399 4640 422 4695 1.
441 4641 513 4695 Petr.
533 4641 564 4707 V,
583 4643 610 4697 8.
