3275 4917
237 247 301 312 2⁶0
485 262 627 332 Synodua
646 265 849 321 Parmense
867 269 896 318 et
915 264 1077 320 harenato
1095 281 1124 320 o.
1143 263 1229 320 1892.

236 437 272 502 lu
296 436 389 502 altari
411 455 470 503 nou
493 438 647 521 ponantur
668 456 775 503 sacrvm
796 437 945 521 reliquiae
968 455 1024 503 nec
1046 437 1228 504 Sanctomm
1253 435 1405 522 imagines
1422 455 1478 503 nec

236 542 408 608 animarum
435 561 515 626 quae
547 542 716 627 purgatorii
744 543 817 626 igne
842 543 1018 626 expiantur,
1053 561 1239 627 quamquam
1274 561 1328 625 pro
1362 542 1476 606 eisdem

234 647 397 712 animabus
420 646 543 728 publica
565 647 662 713 oratio
684 647 751 713 ilat.
791 647 899 726 Missa,
920 650 1069 731 quantum
1092 646 1158 712 lieri
1183 647 1293 730 potest,
1316 645 1354 710 ad
1378 646 1477 710 altare

232 751 429 836 expositionis
451 750 545 836 (quod
571 753 738 817 maximum
755 771 823 819 esse
839 753 952 836 decet),
977 770 1035 817 nou
1059 751 1240 818 celebretur.
1277 751 1477 826 accedentes,

231 856 417 932 recedentes,
443 854 489 920 νο]
514 859 587 922 ants
609 857 711 923 altare
726 855 928 940 expositionis
943 858 1139 922 transeuntes
1155 857 1284 938 utroque
1303 855 1379 921 dexo
1395 873 1475 938 genu

232 960 284 1027 SS.
308 962 543 1027 Sacramentum
567 964 759 1028 venerentur.
808 960 839 1027 Si
865 963 969 1026 concio
993 959 1134 1025 habenda
1157 959 1215 1035 sit,
1247 963 1353 1042 aperto
1377 959 1477 1042 capite

231 1065 297 1144 liat,
321 1069 354 1133 et
374 1066 499 1132 interim
522 1066 576 1132 SS.
599 1065 836 1132 Sacramentum
862 1065 1014 1132 velamine
1037 1067 1226 1148 contegatur.
1259 1063 1290 1129 Si
1313 1063 1387 1146 qnid
1411 1083 1476 1128 ma·

232 1171 323 1236 nuals
347 1171 440 1236 altari
465 1173 686 1254 praestandum
708 1172 768 1250 sit,
799 1191 818 1237 a
848 1170 1006 1238 sacerdote
1037 1170 1086 1236 νο]
1116 1170 1227 1236 clerico
1257 1168 1477 1251 superpelliceo

232 1275 341 1340 induto
365 1275 412 1340 νο]
435 1276 545 1341 saltem
566 1297 585 1341 a
606 1277 701 1340 tratre
724 1276 793 1359 piae
815 1275 991 1342 sodalitatis
1013 1294 1070 1341 sua
1092 1295 1203 1357 coppo,
1227 1276 1264 1339 ut
1283 1271 1402 1347 dicunt,
1425 1271 1473 1336 in·

234 1378 310 1444 duto
331 1380 514 1462 praestetur.

336 1483 388 1548 32.
412 1482 560 1565 Quamvis
583 1483 733 1548 dedeceat
754 1483 963 1569 eleemosynas
986 1482 1131 1567 colligere
1153 1483 1227 1548 dum
1244 1485 1291 1550 ost
1305 1481 1475 1565 expositum

232 1584 285 1651 SS.
302 1585 545 1663 Sacramentum,
569 1590 684 1662 tamen,
699 1587 844 1670 quoniam
861 1587 891 1652 id
909 1589 1046 1670 postulat
1061 1587 1272 1653 ecclesiarium
1293 1585 1475 1669 indigentia,

233 1691 285 1774 qni
302 1691 416 1755 eisdem
434 1695 581 1774 praesunt
596 1692 742 1771 ecelesiis,
766 1694 875 1758 curent
892 1696 928 1757 ut
942 1693 1047 1758 cleriei
1064 1692 1111 1758 vel
1129 1691 1344 1758 sodalitiorum
1367 1691 1476 1754 tratres

234 1794 347 1878 quibus
371 1795 562 1878 praedictum
586 1796 766 1881 assignatur
787 1816 915 1874 munus,
944 1797 1039 1874 illud,
1070 1815 1131 1880 qua
1157 1815 1213 1880 par
1236 1800 1300 1870 ast,
1333 1793 1476 1876 expleant

234 1901 400 1983 gravitate.
445 1900 582 1966 Maxima
605 1903 709 1968 autem
733 1901 900 1985 diligentia
922 1900 1097 1966 adhibenda
1120 1902 1168 1966 est
1190 1902 1226 1965 ut
1251 1917 1419 1982 numquam
1443 1898 1475 1962 in

234 2003 365 2070 ecclesia
397 2004 499 2069 desint
532 2005 584 2089 qui
618 2004 671 2073 SS.
695 2005 945 2081 Eunomianam,
979 2007 1011 2070 ot
1043 2005 1168 2090 quidem
1201 2023 1292 2087 super
1326 2001 1476 2085 appositis

234 2109 377 2172 scabellis
398 2108 430 2173 in
455 2127 557 2190 genua
580 2109 743 2191 provoluti,
766 2109 902 2175 adorant.
950 2109 1036 2174 Inter
1057 2127 1132 2192 quos
1156 2109 1332 2174 adoratores
1355 2106 1428 2182 sint,
1449 2105 1476 2169 si

235 2212 301 2276 lieri
324 2213 436 2295 possit,
470 2212 529 2277 duo
548 2213 723 2278 sacerdotes
745 2215 800 2277 aut
824 2230 902 2276 unus
924 2213 1035 2277 saltem
1060 2214 1115 2278 eut
1137 2212 1249 2295 aliquis
1271 2211 1401 2276 clericus
1424 2229 1475 2273 su-

235 2317 416 2400 perpelliceo
439 2317 575 2383 intutus.
617 2316 651 2382 Si
673 2317 852 2383 adoratores
874 2317 997 2382 omniuo
1019 2316 1139 2393 desint,
1165 2314 1218 2382 SS.
1241 2314 1474 2382 Sacramentum

234 2421 266 2485 in
287 2421 487 2487 tabernaculo
511 2426 687 2504 reponatur.
734 2420 921 2486 Huiusmodi
945 2438 1015 2486 vero
1037 2420 1187 2503 expositio
1206 2418 1259 2484 SS.
1284 2418 1475 2486 Sacramenti

235 2545 294 2590 uon
317 2526 374 2591 fiat
396 2529 469 2592 ante
497 2545 638 2592 auroram
670 2545 725 2592 nec
754 2527 786 2590 in
816 2529 937 2592 noctem
970 2525 1170 2608 protrabatur
1200 2523 1265 2590 sine
1293 2525 1398 2588 nostra
1429 2521 1475 2586 vel

236 2629 331 2695 nostri
356 2629 470 2695 vicarii
494 2631 648 2710 generalis
670 2631 807 2698 licentia.

338 2735 390 2799 33.
439 2734 613 2800 Benedictio
647 2753 717 2800 cum
751 2733 803 2801 SS.
838 2732 1055 2807 Sacramento,
1090 2731 1267 2798 cantoribus
1302 2731 1474 2815 ceterisque

234 2837 407 2915 silentibus,
430 2837 534 2902 danda
557 2838 605 2903 est
618 2837 652 2924 ¹).
675 2839 752 2904 Post
776 2837 1017 2903 benedictionem
1035 2837 1139 2904 autern
1158 2836 1349 2918 permittitur
1365 2838 1476 2902 cantus

235 2941 367 3006 alicuius
390 2942 532 3007 versiculi
553 2941 650 3008 etiam
672 2942 781 3027 lingua
804 2942 969 3008 vernacula
991 2942 1154 3024 compositi
1165 2940 1201 3027 ¹).

337 3048 389 3112 34.
416 3047 545 3112 Parocbi
567 3050 738 3130 opportune
757 3046 903 3130 populum
928 3048 1083 3122 moneant,
1106 3049 1226 3129 praeter
1249 3045 1474 3129 indulgentiam

235 3152 406 3234 plenariam
431 3152 579 3218 universis
599 3151 743 3216 fidelibus
764 3168 958 3226 concessam,
990 3150 1043 3234 qui
1070 3149 1131 3215 rite
1162 3149 1291 3215 confessi
1321 3169 1357 3214 ac
1388 3167 1477 3214 sacra

235 3254 455 3322 Communiono
484 3256 591 3322 relecti
620 3255 766 3322 melanas
797 3255 1007 3332 visitaverint,
1042 3255 1074 3319 in
1107 3255 1217 3338 quibus
1251 3273 1304 3336 per
1336 3254 1475 3318 triduum

235 3359 288 3425 88.
311 3358 547 3426 Sacramentum
569 3364 737 3443 exponatur
761 3361 792 3424 in
816 3359 1010 3426 bebdomada
1040 3357 1310 3442 Septuagesimae,
1343 3356 1476 3438 Sexage-

235 3463 342 3541 simae,
365 3464 657 3548 Quinquagcsimae,
679 3466 736 3530 aut
758 3463 836 3529 laria
862 3464 886 3530 V
909 3464 990 3529 intra
1010 3463 1237 3530 hebdomadam
1260 3461 1476 3544 Sexagesimaa

235 3572 368 3644 tuntum,
393 3567 472 3633 alias
494 3568 641 3650 partiales
663 3569 875 3652 indulgentias
899 3589 918 3635 a
940 3569 1069 3634 summis
1093 3567 1294 3634 Pontificibus
1317 3583 1476 3632 concessas

236 3672 339 3737 luisse.
383 3672 468 3755 Quae
487 3672 700 3756 indulgentiae
720 3673 933 3740 describentur
953 3673 985 3739 in
1008 3671 1174 3755 appendice
1194 3691 1224 3737 u.
1247 3670 1284 3737 V.

338 3778 391 3845 33.
415 3777 579 3843 Psaeterm
601 3777 747 3844 studeant
768 3780 806 3843 ut
820 3777 959 3844 fidelium
974 3776 1066 3843 corda
1081 3793 1156 3859 erga
1171 3773 1224 3842 SS.
1240 3774 1476 3842 Sacramentum

235 3881 447 3959 inflamment3
476 3901 512 3948 ex
535 3881 592 3947 boc
614 3885 714 3961 eninr,
745 3882 833 3966 quasi
862 3900 897 3947 ex
919 3881 1074 3946 uberrimo
1099 3880 1199 3958 lente,
1233 3881 1367 3945 maxima
1396 3880 1476 3947 bona

236 3986 472 4069 proficiscuntur
502 3988 533 4051 in
560 3986 745 4065 Ecclesiam
780 3986 936 4052 celebrent
965 3986 1257 4070 commendantem,
1288 3986 1319 4050 et
1349 3984 1475 4068 quidam

234 4091 432 4174 saepissime,
464 4091 649 4156 ineffabilem
673 4091 761 4155 illam
784 4090 979 4157 dilectionem
1003 4109 1063 4174 qua
1088 4091 1235 4156 Dominus
1257 4093 1361 4157 noster
1384 4089 1475 4156 lesus

235 4194 379 4263 Gbristus
399 4195 471 4278 pboc
499 4195 640 4261 instituit
664 4193 915 4272 Sacramentum,
947 4197 983 4261 ut
1014 4195 1171 4261 nobiseum
1199 4196 1281 4260 esset
1311 4213 1406 4278 usqua
1436 4194 1475 4259 ad

235 4301 528 4365 consummationem
548 4299 682 4376 saeculi3
708 4299 833 4366 eosdem
860 4299 990 4384 denique
1017 4299 1178 4366 hortentur
1202 4299 1307 4366 fideles
1328 4301 1363 4364 nt
1385 4317 1475 4381 saepe

238 4403 432 4469 Dominicum
456 4403 573 4489 Corpus
594 4403 754 4488 recipiant.

339 4555 367 4624 l)
385 4555 412 4610 S.
430 4555 464 4609 li.
481 4553 510 4609 C.
531 4552 734 4610 11.Jnt.1857.
754 4581 786 4592 -
806 4553 835 4620 2)
854 4551 881 4607 8.
901 4551 932 4606 R.
952 4551 980 4606 0.
1001 4553 1027 4608 3.
1044 4551 1115 4622 Aug.
1135 4551 1209 4608 1833.

718 4657 896 4718 (Fortastsuug
911 4657 991 4717 iolgt.)
