3275 4917
248 273 312 341 23⁰
496 285 639 358 Βυιιοάιιι
659 281 861 346 Hermoneia
879 293 909 346 el
928 285 1090 350 hoiensis
1107 310 1137 350 a.
1156 293 1241 350 1897.

246 468 402 531 externam
427 461 643 548 professionem
663 460 734 526 tidei
749 481 852 529 coram
870 463 966 530 Nobis
982 465 1030 530 rel
1047 466 1170 533 Vicsrio
1186 472 1290 534 nostro
1307 470 1444 554 generali
1455 473 1491 554 ¹),

246 573 278 636 et
302 569 425 654 quidem
450 568 649 652 partcipem,
673 585 732 631 nou
757 586 809 650 per
833 573 1060 652 procuratorem
1072 570 1108 654 ¹),
1131 573 1296 640 emittant:

222 743 234 756 ,
349 676 387 758 o)
409 671 547 738 Praediti
571 670 715 736 beneficio
736 690 843 740 curam
863 676 1037 739 anirnarnm
1055 673 1204 741 adnexam
1225 678 1375 763 hahente;
1400 678 1491 764 idque

246 781 330 845 iutra
351 779 428 844 duos
448 795 567 842 menses
590 796 608 840 a
629 774 679 839 die
701 775 835 860 adeptae
857 779 1073 862 possessionis,
1105 783 1137 846 et
1168 782 1225 847 sub
1248 801 1347 866 poena
1369 783 1490 850 tructus

246 904 306 951 uon
328 882 460 948 lactendi
482 899 553 946 suos
565 880 613 965 il:

349 988 384 1072 h)
407 984 546 1052 Praediti
567 984 750 1050 canonicatu
772 985 823 1051 rel
842 985 997 1072 dignitate
1020 987 1052 1053 iu
1074 989 1214 1057 Ecclesia
1229 991 1400 1058 cathedrali
1421 991 1488 1078 (qui

246 1091 386 1159 camdem
409 1088 627 1175 professionem
650 1089 746 1156 otiam
769 1108 873 1156 coram
904 1091 1048 1176 capitulo
1076 1093 1220 1161 omittere
1248 1095 1374 1182 debent)
1405 1095 1488 1163 iutra

245 1196 328 1262 idem
350 1199 474 1279 mmpus
495 1196 528 1260 et
549 1194 607 1259 suh
628 1193 737 1259 eadem
759 1194 919 1279 poeua⁴);

277 1345 282 1356 .
348 1300 380 1386 o)
404 1297 549 1385 Magistri
571 1300 603 1364 et
625 1299 809 1381 prolessorss
838 1300 973 1366 cuiusuis
1001 1302 1232 1389 disciplinasil.
1277 1303 1321 1371 st
1343 1305 1488 1389 quoniam

246 1407 304 1473 hoc
325 1405 365 1471 sb
385 1403 528 1471 omnihus
550 1403 602 1488 qui
624 1422 739 1469 munus
762 1403 890 1470 docendi
913 1409 1072 1488 exercent,
1098 1407 1187 1474 hodie
1213 1408 1351 1476 obtinere
1374 1409 1487 1494 perdil-

244 1511 327 1576 licile
348 1511 413 1588 est,
444 1507 570 1594 parochi
600 1507 756 1592 celerique
781 1509 959 1576 confessarii
989 1530 1095 1579 curam
1126 1512 1295 1580 adhibeant
1318 1516 1353 1581 ut
1375 1516 1487 1580 saltem

246 1615 391 1699 priuatim
416 1612 489 1679 tldsi
510 1611 727 1696 professionem
750 1614 791 1679 ab
814 1613 877 1680 illis
900 1615 1053 1700 re‘oipiaut
1082 1635 1158 1702 quos
1188 1617 1228 1684 ad
1250 1636 1318 1685 sam
1341 1617 1488 1686 omitten-
1572 1693 1582 1708 ⁸

245 1721 317 1786 dam
341 1722 464 1802 paratos
486 1736 552 1782 esse
573 1720 699 1799 putent:
722 1717 760 1782 de
782 1737 842 1803 quo
865 1720 929 1787 Nos
953 1721 1098 1788 certiores
1122 1721 1254 1801 lucisnt3

349 1823 387 1908 d)
415 1822 528 1890 Omnes
561 1820 709 1888 haeretici
742 1826 775 1887 et
807 1824 999 1890 schismatici
1033 1827 1073 1892 ad
1108 1826 1278 1893 Ecclesiam
1315 1827 1487 1904 redeuntes,

246 1932 406 2014 postquam
427 1927 523 1992 taleae
544 1926 703 2010 religionis
725 1946 843 1993 errores
867 1928 1063 2012 deposuerint
1073 1934 1113 2014 ⁶).

348 2033 379 2096 3.
412 2031 575 2096 Praeterea
599 2030 739 2097 uolumus
767 2035 799 2098 et
831 2033 1014 2100 mandamus
1042 2039 1077 2101 ut
1106 2036 1245 2101 eamdem
1268 2035 1487 2120 professionem

245 2138 413 2203 emittant:

347 2243 386 2322 o)
409 2239 547 2305 Praediti
569 2259 760 2326 quocumque
785 2241 940 2319 beneficio,
964 2243 1104 2326 quamuis
1125 2243 1279 2326 simplicia

348 2347 382 2430 b)
406 2345 484 2411 Novi
504 2346 681 2412 confessarii
698 2346 828 2430 nouique
843 2349 1081 2426 concionatores,
1103 2351 1144 2426 et,
1164 2349 1190 2412 si
1207 2347 1304 2414 Nobis
1321 2347 1488 2427 ridebitur,

244 2451 337 2518 etiam
361 2450 531 2535 regulares.

346 2555 377 2622 4.
401 2555 485 2622 Haec
509 2558 613 2621 autem
637 2556 709 2621 lidei
732 2556 879 2641 professio
902 2557 967 2622 heri
991 2558 1084 2623 dehet
1106 2558 1192 2624 iuxta
1212 2558 1375 2623 lormulam
1393 2577 1486 2642 quam

243 2678 433 2726 summorum
460 2660 642 2726 Pontificum
670 2661 716 2726 Pii
742 2661 794 2724 lv,
819 2664 851 2725 et
872 2661 919 2725 Pii
942 2660 996 2728 tx.
1030 2662 1216 2744 praescripto
1246 2661 1377 2727 tradidit
1399 2681 1488 2728 sacra

245 2765 452 2849 Congregutio
479 2763 610 2830 concilii
640 2764 690 2830 die
719 2765 771 2828 20.
797 2764 932 2829 ianuarii
957 2763 1049 2842 1877,
1079 2784 1232 2849 quamque
1259 2765 1290 2830 in
1319 2766 1487 2850 appendice

245 2869 335 2934 huius
357 2867 473 2952 Synodi
496 2869 662 2934 sileremus
685 2888 714 2934 rr.
740 2868 769 2933 l.

346 2976 375 3040 5.
400 2974 439 3039 Iu
457 2973 600 3038 omnihus
625 2971 816 3037 Dioeoesium
839 2973 977 3037 ecclesiis
1000 2977 1032 3038 et
1054 2973 1197 3039 oratoriis
1220 2973 1367 3058 puhlicis,
1399 2993 1486 3057 pras·

242 3078 349 3144 sertim
374 3078 544 3155 ruralibus,
574 3078 694 3142 cunetis
723 3076 832 3143 diehus
855 3077 1017 3142 dominicis
1045 3085 1077 3143 et
1101 3077 1187 3142 lestis
1210 3078 1352 3143 sacerdos
1374 3079 1436 3163 (et,
1461 3081 1486 3143 si

243 3183 345 3267 plures
367 3184 430 3248 sint
452 3182 637 3259 sacerdotes,
662 3181 825 3268 parochus)
848 3186 920 3248 ante
943 3181 990 3248 rel
1016 3186 1084 3266 post
1107 3183 1223 3248 Missae
1248 3183 1484 3250 celebmtionem

243 3288 391 3352 distincta
411 3290 443 3352 et
465 3287 658 3370 intelligibili
683 3306 754 3352 roos
777 3290 867 3352 aolus
891 3285 979 3364 fidoi,
1001 3287 1082 3370 spei,
1116 3287 1281 3352 charitatis
1310 3292 1342 3352 et
1370 3290 1486 3354 coutri-

243 3391 337 3456 tionls
358 3411 429 3456 eum
451 3392 561 3474 populo
584 3392 704 3456 recitet.
745 3389 834 3470 Quod
859 3395 893 3454 ut
917 3390 1038 3455 lucilius
1061 3392 1191 3474 quisque
1213 3391 1320 3468 faciat,
1346 3393 1487 3456 uolumus

244 3497 279 3559 ut
300 3496 332 3560 iu
355 3513 535 3577 unaquaque
558 3495 687 3560 ecclesia
708 3497 741 3560 et
762 3495 897 3559 oratorio
920 3494 1111 3577 conscriptae
1132 3495 1163 3559 in
1187 3495 1305 3561 tabella
1333 3495 1486 3562 termulae

242 3598 429 3682 adprobatae
451 3598 627 3663 eorumdem
650 3601 776 3663 actuum
798 3597 959 3664 exsistant

346 3703 375 3770 6.
410 3702 449 3767 Ut
471 3704 576 3767 autem
599 3701 816 3768 christifideles
839 3701 932 3768 fidem
955 3702 1074 3787 plenius
1107 3703 1326 3785 profiteantur,
1360 3706 1485 3790 parochi

241 3826 332 3891 saepe
352 3807 507 3872 inculcare
530 3807 643 3873 debent
666 3808 746 3872 hano
769 3806 915 3872 uirtutem
938 3826 998 3871 non
1027 3806 1126 3871 solnm
1155 3808 1274 3887 verbis,
1305 3809 1358 3874 sed
1391 3809 1485 3874 etism

244 3913 400 3996 multoque
423 3911 524 3995 magis
547 3912 688 3994 oporibus
708 3931 774 3977 esse
791 3911 1005 3994 profitendam,
1029 3911 1140 3995 quibus
1156 3913 1340 3997 praesertim
1357 3913 1486 3998 quisque

242 4021 375 4082 metetur
395 4037 427 4082 se
450 4017 588 4081 eamdem
614 4017 766 4099 possidere
790 4018 953 4095 virtutem,
984 4018 1068 4081 iuxta
1091 4017 1184 4082 illud:
1220 4018 1305 4102 »ligo
1323 4018 1485 4083 estendam

345 4227 371 4297 l)
393 4227 665 4283 Animadvertendum
684 4226 753 4282 illud
770 4243 828 4282 esse
845 4241 991 4290 censemus,
1011 4226 1081 4297 quod
1094 4227 1200 4297 quoties
1214 4225 1349 4282 vicarium
1362 4230 1485 4282 nostrum

240 4314 394 4386 geuemlom
418 4313 638 4377 memorabimus.
666 4313 698 4368 de
724 4313 833 4368 Platorii
859 4317 900 4368 rel
926 4313 1001 4368 Prati
1028 4312 1134 4368 Vioario
1161 4311 1216 4366 Nos
1239 4313 1332 4382 loqui,
1355 4319 1436 4383 prout
1453 4313 1487 4367 ds

242 4402 319 4457 rebus
337 4401 496 4455 alterutrius
515 4401 649 4457 Dioeeesis
667 4404 772 4470 agetur.
794 4428 823 4440 -
841 4399 869 4469 2)
888 4401 914 4455 S.
933 4399 962 4456 0.
980 4397 1019 4462 0.,
1038 4398 1070 4453 Ιιι
1087 4397 1242 4469 διιςιιιιιίιιη
1257 4399 1297 4455 18.
1311 4399 1396 4470 April.
1413 4400 1486 4454 1570.

241 4515 277 4526 -
293 4487 321 4556 a)
339 4486 419 4542 Couc.
441 4487 516 4543 Trid.
538 4486 608 4542 Saso.
628 4487 727 4550 mv,
750 4503 808 4555 cap.
828 4488 861 4542 la
888 4487 928 4541 De
946 4485 993 4542 rel.
1018 4513 1052 4524 -
1075 4487 1103 4554 4)
1120 4485 1199 4542 Cone.
1221 4486 1294 4542 urin
1319 4487 1367 4543 loe.
1386 4486 1433 4542 cit.
1452 4515 1487 4526 -

241 4573 271 4641 h)
297 4573 363 4627 Pius
389 4572 452 4639 IV..
478 4575 570 4630 Coust.
599 4575 791 4638 iniunctam.
820 4578 850 4628 et
875 4573 968 4629 (leuat
997 4573 1035 4628 [ιι
1064 4575 1282 4630 Sucrcauractu.
1308 4602 1343 4614 -
1371 4575 1398 4644 8)
1421 4573 1487 4643 esp.

243 4663 447 4725 Atalantam,
465 4675 490 4729 q.
510 4659 550 4713 De
568 4659 672 4713 haeret.
