3275 4917
243 230 307 299 446
491 252 634 321 macces
654 254 855 327 aaronem
874 258 903 309 er
925 253 1085 309 mereare
1104 270 1133 308 a.
1152 252 1236 308 resa.

243 424 340 510 possit
364 444 418 491 nec
440 445 479 490 ue
501 423 636 491 ordinari
646 426 680 510 ¹).
712 424 889 492 Statuimus
908 444 980 491 veru
1002 426 1035 491 et
1050 424 1243 491 declaramus
1259 425 1341 490 bunc
1358 425 1487 491 titulum

243 529 399 595 sufficiens
418 548 494 610 esse,
518 529 544 595 si
569 528 635 596 eius
657 530 753 596 annui
774 529 893 597 reditus
914 549 973 596 uon
997 530 1060 596 sint
1082 528 1217 595 minores
1239 528 1355 596 libellis
1370 529 1487 596 italicis

244 633 293 700 bis
314 635 448 702 centum.

349 754 398 820 11.
430 754 674 836 Patrimonium,
702 756 954 823 constituendum
977 774 1068 839 super
1088 775 1120 820 re
1142 757 1228 821 certa
1246 753 1412 832 immobili,
1436 752 1486 819 rel

244 858 287 924 rei
309 858 459 924 immobili
483 860 726 944 aequiparanda,
759 863 791 925 et
813 879 870 925 sua
894 863 1006 925 natura
1028 858 1195 943 frugifera,
1226 858 1342 943 pariter
1364 857 1487 922 libellas

243 962 365 1027 italicas
381 961 540 1040 ducentas,
564 964 704 1031 deductis
718 965 876 1045 impensis,
897 964 1066 1030 ordinando
1081 964 1200 1031 reddat.
1221 962 1254 1029 si
1271 982 1341 1028 uero
1356 962 1486 1027 clericus

243 1086 299 1131 neo
321 1065 502 1137 beneficium
528 1068 641 1135 babeat
665 1086 720 1133 nec
742 1068 974 1153 patrimonium,
998 1088 1016 1133 a
1038 1071 1146 1134 sancta
1165 1068 1246 1134 Sede
1260 1066 1486 1151 postulabimus

242 1173 288 1249 ut,
313 1171 569 1255 quemadmodum
594 1172 744 1239 hactenus
768 1173 908 1252 lecimus,
931 1174 999 1239 sine
1021 1173 1115 1239 titulo
1137 1172 1306 1239 ordinetur.

349 1292 399 1360 12.
424 1291 502 1359 (lum
526 1297 630 1360 autem
654 1294 751 1360 Nobis
773 1294 943 1360 curandum
966 1296 1018 1371 sit,
1045 1296 1080 1360 nt
1103 1293 1300 1378 promovendi
1319 1292 1413 1358 titulo
1428 1310 1481 1375 pa·

243 1394 379 1461 trimouii
409 1416 514 1480 reapse
545 1398 629 1463 illius
655 1397 790 1465 babeant
812 1399 1050 1483 possessiouem,
1087 1399 1162 1463 baec
1194 1416 1272 1483 quac
1302 1400 1483 1481 sequuntur,

242 1500 366 1567 omnino
388 1502 539 1567 servanda
565 1502 741 1568 statuimus.
798 1501 859 1585 Qui
889 1522 925 1569 ex
959 1503 1024 1569 suis
1055 1504 1142 1568 bonis
1176 1502 1395 1585 patrimonium
1425 1500 1484 1566 sibi

243 1604 382 1681 conticit,
417 1606 524 1671 eadem
551 1608 630 1672 bona
659 1626 834 1689 nuncupare
864 1611 896 1672 et
918 1626 1081 1671 numerum
1104 1625 1269 1690 eorumque
1292 1605 1411 1671 fructus
1433 1624 1485 1670 ex-

242 1727 353 1792 ponere
375 1709 476 1775 debet.
506 1710 643 1795 idipsum
669 1711 849 1794 parentibus
871 1713 904 1775 et
923 1710 1077 1776 extraneis
1099 1710 1320 1795 praescribitur
1342 1727 1411 1774 oum
1429 1727 1484 1791 pa·

146 1815 151 1827 '
241 1813 421 1877 trimonium
445 1814 611 1880 ordinando
634 1815 847 1891 condierunt,
878 1816 908 1878 iu
931 1834 1000 1879 eum
1023 1816 1069 1879 vel
1093 1813 1217 1898 plenum
1242 1814 1411 1879 dominium
1437 1812 1483 1877 rel

244 1916 487 1996 usumnosmm,
511 1918 611 2001 quoad
637 1920 759 1997 vixerit,
791 1918 1014 1984 transferendo.
1062 1918 1277 1983 Probationem
1299 1920 1403 1983 autem
1427 1936 1481 2000 pa·

242 2018 380 2085 trirnonii
403 2020 542 2087 iubemus
565 2023 630 2088 lieri
653 2042 754 2088 coram
780 2028 884 2089 nostro
901 2023 1022 2089 Vicario
1046 2022 1183 2107 genarati
1199 2041 1262 2088 una
1279 2042 1348 2086 cunr
1365 2019 1485 2085 duobus

241 2124 374 2188 testibus
398 2124 457 2189 lide
479 2126 582 2210 dignis
604 2130 636 2193 ct
659 2146 759 2192 eoram
784 2128 829 2193 eis
852 2127 996 2211 stipulari
1013 2126 1255 2192 instrumentum
1275 2125 1484 2190 donationisa

243 2228 425 2293 cancellario
441 2229 616 2314 episcopali,
633 2230 670 2295 ad
689 2231 745 2297 boc
761 2231 938 2316 specialiter
954 2231 1066 2306 elector
1081 2232 1112 2295 in
1128 2250 1188 2314 quo
1203 2233 1269 2296 turn
1285 2228 1483 2305 ordinandus,

243 2349 334 2416 quam
369 2332 420 2397 illc
450 2333 503 2417 qui
528 2334 746 2417 patrimonium
770 2336 952 2415 coustituit,
984 2335 1087 2400 iurent
1122 2333 1199 2400 banc
1231 2332 1482 2399 constitutionem

242 2454 345 2501 reram
369 2456 436 2503 esse
458 2437 636 2521 nullamque
656 2438 737 2503 inter
760 2458 792 2503 se
815 2438 953 2504 extitisse
977 2438 1184 2504 collusionem.
1216 2439 1320 2522 Atque
1343 2437 1408 2521 ipse
1433 2454 1482 2501 or-

243 2538 395 2607 dinandus
418 2542 599 2625 promittat,
624 2541 772 2626 peculiari
796 2542 903 2608 addito
925 2543 1117 2621 iuramento,
1147 2561 1180 2607 se
1204 2543 1283 2607 bona
1306 2538 1484 2624 patrimonii

242 2644 306 2708 sive
328 2644 462 2729 aliquam
495 2645 619 2710 illorum
651 2647 770 2728 partem
807 2665 865 2710 nou
901 2646 1108 2711 alienaturum
1141 2664 1238 2729 neque
1271 2644 1482 2728 obligaturum

243 2766 339 2831 neque
362 2768 438 2815 onus
461 2750 505 2816 eis
529 2748 746 2833 impositurum
777 2749 892 2833 absque
923 2753 1027 2815 nostra
1058 2750 1200 2823 licentia:
1231 2768 1309 2835 quae
1336 2766 1395 2812 nou
1423 2746 1480 2811 da·

242 2852 336 2930 bitur,
359 2853 416 2918 nisi
439 2854 496 2920 sub
517 2853 756 2932 conditionibus,
778 2873 856 2938 quae
880 2856 1012 2945 asacris
1032 2855 1200 2920 canonibus
1223 2852 1480 2937 praescribuntur.

242 2956 274 3021 Si
293 2976 382 3021 secus
403 2956 529 3036 lecerit,
553 2957 618 3041 ipso
643 2960 724 3023 lacto
748 2959 778 3023 in
803 2958 1031 3043 suspensionem
1057 2958 1096 3022 ab
1116 2957 1241 3025 Ordinis
1262 2955 1407 3023 exercitio
1431 2954 1478 3018 iu·

242 3062 355 3127 curret.
386 3060 445 3144 Qui
468 3082 539 3127 vero
563 3062 665 3127 miuus
687 3062 854 3128 sufficienti
871 3065 918 3128 uel
934 3064 1082 3128 ementito
1098 3062 1191 3127 titulo
1206 3061 1340 3127 ordinati
1357 3060 1481 3135 luerint,

243 3166 273 3229 in
296 3184 441 3231 censuum
464 3169 496 3232 et
518 3185 631 3249 poenas
654 3189 673 3232 a
695 3166 791 3233 sacris
812 3168 980 3233 canonibus
1003 3167 1137 3232 inflictas
1159 3170 1229 3231 eta
1253 3164 1388 3233 Concilio
1412 3163 1481 3228 'lni-

242 3269 367 3335 dentino
389 3273 482 3355 atque
505 3290 523 3335 a
543 3290 732 3336 summorum
759 3270 943 3338 Pontificum
965 3272 1239 3338 constitutionibus
1270 3270 1431 3335 innovatas
1451 3288 1483 3332 se

241 3373 384 3439 incidisse
407 3374 509 3440 sciant
521 3374 557 3463 ¹).

347 3495 397 3562 13.
441 3495 612 3563 Ordinandi
646 3500 750 3563 autern
781 3496 902 3562 alienae
940 3498 1093 3564 Dioecesis
1128 3496 1318 3563 dimissorias
1349 3496 1482 3570 litteras,

242 3599 386 3665 videlicet
408 3600 589 3668 facultatem
613 3621 737 3669 suorum
763 3602 996 3669 ordinariorum
1021 3606 1143 3669 nostrae
1163 3601 1275 3668 Curiae
1299 3597 1483 3664 cancellario

241 3704 422 3781 exhibeant;
447 3724 525 3789 quae
548 3705 688 3783 litterae,
711 3706 737 3771 si
761 3706 862 3773 tribus
886 3706 1041 3773 mensibus
1064 3706 1255 3790 antiquiores
1276 3704 1400 3781 luerint,
1423 3720 1482 3767 uon

241 3808 458 3877 admittantur.

347 3931 396 3997 14.
421 3930 509 4013 Quod
534 3950 605 3997 vero
624 3936 745 4015 spectat
769 3933 807 3997 ad
824 3932 1041 4000 Ordinationes
1060 3933 1261 4018 regularium,
1277 3930 1402 3998 omuino
1417 3948 1481 3994 ser·

241 4033 341 4100 vande
364 4039 436 4100 sunt
458 4037 525 4101 turn
550 4054 585 4100 ca
607 4057 685 4122 quae
708 4056 796 4103 sacra
812 4038 941 4103 Consilii
958 4037 1164 4123 Cougrcgatio
1179 4037 1292 4103 statuit
1302 4039 1338 4116 ⁸),
1363 4037 1429 4099 turn
1445 4052 1483 4097 ea

240 4158 319 4223 qnae
334 4138 457 4222 insuper
472 4138 614 4206 Clemens
632 4140 769 4227 vl11.⁴),
795 4142 990 4208 innocentius
1006 4141 1094 4208 Xlll.
1105 4144 1142 4226 ⁶),
1162 4141 1345 4208 Benedictus
1361 4138 1481 4216 xilla)

345 4344 371 4415 l)
390 4344 469 4402 Cone.
488 4348 561 4404 Trid.
581 4365 646 4405 sess.
665 4348 741 4415 xxi,
759 4364 816 4419 cap.
834 4348 859 4405 2.
879 4377 911 4387 -
929 4350 958 4419 2)
978 4348 1079 4421 Synodi
1097 4348 1240 4405 Pistorien.
1260 4352 1288 4403 et
1306 4348 1415 4403 Praleu.
1433 4344 1484 4401 co-

241 4430 354 4486 lumbini
373 4432 477 4499 Bassii,
496 4450 553 4503 par.
573 4436 601 4499 1,
618 4436 664 4491 tit.
684 4436 724 4491 10.
752 4465 786 4475 -
812 4438 840 4504 3)
861 4436 910 4491 Dic
928 4438 970 4491 24.
989 4439 1058 4507 Aug.
1078 4436 1146 4493 1619
1169 4441 1198 4492 st
1215 4435 1257 4492 20.
1277 4434 1335 4492 Juli
1356 4435 1429 4489 1673.
1449 4462 1483 4473 -

239 4517 268 4583 4)
286 4516 391 4573 Deerat.
411 4536 458 4589 per
478 4520 506 4575 fl.
523 4520 552 4576 C.
571 4519 599 4576 C.
621 4521 711 4591 erulg.
730 4521 773 4576 die
793 4522 833 4576 15.
855 4522 936 4578 liert.
958 4522 1032 4579 ltus.
1051 4550 1085 4563 «-
1103 4523 1131 4591 5)
1150 4522 1217 4577 Litt.
1239 4525 1411 4593 apostolici
1429 4526 1484 4577 mi·

241 4607 375 4668 nister-ll,
393 4604 435 4661 30.
451 4604 517 4659 blsii
531 4606 607 4662 1723.
626 4636 658 4646 -
677 4609 704 4676 6)
724 4606 814 4663 Const.
835 4610 873 4664 la
890 4624 1047 4677 supremo,
1064 4608 1106 4664 aa
1122 4608 1195 4677 Sept.
1209 4609 1286 4665 1714.
