3275 4917
256 204 321 269 aba
506 220 648 287 Spnodurs
669 218 871 275 Pistor-leuata
891 226 921 276 ct
941 220 1102 276 Ρναιωείε
1119 236 1148 275 c.
1166 220 1250 277 1892.

260 395 425 469 revocetur,
451 393 545 473 atque
568 388 606 453 ad
628 390 849 471 poenitentiam
874 390 1056 456 excitentur.
1086 391 1153 456 Hae
1169 411 1273 456 omnes
1289 394 1395 457 autem
1413 393 1528 457 bene-

258 499 425 575 dictiones,
455 494 712 579 quemadmodum
744 495 917 559 benedictio
949 495 1041 559 sontis
1065 495 1276 579 baptismalis,
1305 497 1456 565 facienda
1486 498 1522 562 in

257 600 393 667 Sabbato
415 603 523 665 sancto
542 603 574 663 et
598 598 628 662 in
652 598 758 681 vigilia
783 600 988 677 Pentecostes,
1013 599 1071 664 nisi
1095 598 1172 665 hant
1194 602 1233 665 ah
1251 602 1411 686 Episcopo,
1436 602 1521 666 fieri

257 705 369 770 dehent
392 724 411 769 a
431 704 614 779 celebranto,
640 721 771 786 ususque
793 703 965 769 contrarius
986 703 1113 769 minime
1135 705 1313 771 tolerandus
1336 706 1430 792 erm).

362 820 392 882 6.
425 818 563 897 Antiqua
594 816 780 881 consuetudo
805 816 927 881 beatam
954 816 1114 899 Virginem
1137 818 1295 881 salutandi
1318 820 1356 883 ad
1380 823 1517 884 certum
1599 881 1601 892 ,

258 940 423 1003 campanae
447 920 569 1001 signum
594 938 716 983 summo
737 938 843 998 mane,
868 920 996 985 meridie
1018 926 1051 983 et
1073 922 1131 986 auh
1155 924 1294 999 noctem,
1321 927 1429 1006 utpote
1459 944 1517 987 sa·
1599 905 1601 946 Ι

258 1027 369 1090 lutaris
398 1028 430 1089 et
454 1022 655 1107 indulgentiis
679 1024 855 1103 cumulata,
887 1024 1000 1108 ubique
1031 1026 1215 1102 retineatur,
1245 1029 1278 1090 et
1309 1046 1327 1089 a
1359 1030 1516 1110 parochis
1599 1073 1600 1076 κ

258 1129 496 1213 diligentissime
519 1128 667 1194 foveatur.
706 1127 845 1212 itemque
869 1129 968 1211 prima
989 1130 1089 1201 noctis
1107 1130 1182 1195 hora
1203 1149 1371 1213 campanae
1386 1132 1515 1197 ictibus

257 1234 363 1299 fideles
386 1233 556 1299 invitentur
579 1231 617 1297 ad
641 1250 746 1315 preces
769 1252 823 1315 pro
846 1234 1008 1299 animabus
1031 1233 1062 1298 in
1088 1234 1274 1318 Purgatorio
1297 1234 1434 1301 detentis
1459 1237 1513 1300 ef·

258 1336 439 1403 fundendas.
493 1336 580 1401 Hora
612 1336 726 1415 autem,
765 1336 872 1401 italico
905 1356 1007 1415 more,
1042 1337 1193 1420 vigesima
1225 1337 1325 1420 prima
1354 1338 1435 1405 feria
1462 1342 1512 1405 vl

257 1442 423 1508 cuiuslibet
447 1440 656 1506 hebdomadae
679 1459 849 1523 campanae
873 1440 975 1505 souitu
999 1441 1091 1506 iidem
1116 1441 1223 1507 fideles
1246 1442 1285 1506 ad
1307 1443 1509 1508 recolendam

258 1547 428 1630 passionem
448 1548 480 1610 et
504 1550 631 1609 mortem
654 1543 774 1609 Domini
799 1545 895 1609 nostri
918 1544 995 1610 Jesu
1012 1544 1130 1610 Christi
1151 1548 1184 1609 et
1206 1546 1244 1609 ad
1269 1546 1435 1611 lucrandas
1454 1550 1509 1611 in·

258 1652 436 1735 dulgerrtias
451 1669 470 1714 a
486 1649 615 1713 surrrmis
634 1648 834 1713 Pontificibus
854 1649 925 1713 huic
940 1649 1094 1714 devotioni
1111 1668 1271 1716 concessas
1286 1652 1506 1735 invitentur¹).
1599 1665 1601 1740 l

363 1764 391 1829 7.
428 1762 497 1827 Non
527 1764 575 1826 est
601 1760 819 1844 improbandus
851 1779 917 1826 mos
945 1762 1009 1827 lero
1039 1761 1153 1847 ubique
1183 1761 1328 1829 inductus
1356 1763 1510 1847 pulsandi
1599 1751 1601 1826 ἶ

258 1885 423 1951 campanas
445 1885 515 1929 cum
539 1884 654 1949 magna
677 1864 840 1931 immineat
862 1866 1010 1949 procella,
1034 1869 1101 1931 tum
1125 1870 1161 1931 ut
1183 1866 1251 1949 ipsa
1271 1866 1407 1952 fugetur,
1431 1871 1506 1933 tum

258 1976 293 2039 ut
316 1970 444 2055 populus
471 1970 546 2036 oret.
593 1967 765 2053 Campanas
795 1970 878 2033 enim
908 1972 1111 2052 tempestates
1139 1969 1286 2053 repellere
1317 1990 1404 2054 posse
1440 1973 1503 2036 lic-

257 2078 351 2141 clesia
373 2075 534 2159 protitetnr
557 2074 587 2137 in
611 2072 686 2156 ipsis
708 2074 861 2155 precihus,
883 2073 995 2157 quibus
1018 2093 1122 2139 aarum
1139 2078 1300 2158 peragitur
1316 2076 1504 2141 benedictio.
1599 2063 1601 2154 ff

257 2180 407 2263 Quoniam
431 2180 536 2242 autem
560 2195 595 2241 ex
618 2176 718 2243 altera
738 2180 826 2261 parte
842 2176 979 2242 fulminis
995 2177 1156 2243 dissolutio
1173 2197 1230 2243 uon
1248 2182 1296 2244 est
1311 2182 1505 2263 expectanda
1599 2163 1601 2216 l

258 2301 517 2367 acampunarum
541 2280 657 2361 sonitu,
688 2284 840 2366 quatenus
870 2282 1022 2347 naturalis
1052 2282 1180 2367 clangor
1206 2286 1273 2359 est,
1301 2284 1355 2348 sod
1378 2286 1417 2349 ab
1442 2284 1503 2349 idc-

257 2389 369 2455 elesiae
391 2386 602 2451 benedictione
629 2386 660 2451 et
686 2384 824 2450 fidelium
847 2386 1004 2469 precihusr
1036 2405 1071 2451 ex
1094 2388 1212 2466 altera,
1242 2389 1268 2451 si
1296 2388 1381 2470 ipsae
1407 2390 1504 2453 nimis

258 2494 429 2577 pulsentur,
454 2490 610 2574 probabile
633 2492 681 2555 est
704 2492 739 2555 ut
758 2490 858 2555 eidem
879 2488 1003 2556 fulmini
1028 2491 1077 2557 uia
1093 2490 1216 2557 labilius
1232 2492 1406 2575 aperiatur3
1430 2493 1503 2558 ideo

258 2597 441 2663 mandamus
465 2596 500 2659 ut
518 2593 548 2657 id
573 2594 678 2675 paucis
701 2592 758 2658 liat
780 2594 905 2660 ictibus.

360 2710 391 2773 8.
424 2707 471 2772 Ad
503 2706 592 2771 noxia
621 2706 768 2771 animalia
797 2707 1017 2790 disperdenda,
1048 2708 1088 2773 ad
1121 2710 1300 2793 ingruentes
1330 2711 1502 2794 grandines

257 2812 457 2887 avertendas,
487 2810 525 2875 ad
557 2812 677 2876 morbos
701 2810 897 2893 depellendos
920 2814 952 2876 et
975 2811 1014 2877 ad
1038 2832 1248 2898 quascumque
1271 2814 1501 2880 henedictiones

258 2917 458 3002 peragendas,
481 2916 655 2982 sacerdotes
678 2915 716 2979 iis
739 2918 863 2981 tantum
886 2934 1011 2999 precum
1034 2920 1164 2983 utantur
1187 2918 1328 2985 formulis
1348 2921 1382 2984 et
1395 2937 1499 2984 caere·

259 3022 368 3089 moniis
389 3038 469 3106 qaae
492 3022 528 3085 ab
555 3020 690 3086 hicclesia
713 3019 829 3086 fuerint
850 3021 1067 3103 comprobatae
1077 3024 1114 3105 ⁸).

359 3135 390 3199 9.
426 3133 537 3198 Munus
565 3132 755 3197 exorcizandi
787 3132 888 3197 nullus
918 3133 1058 3199 sacerdos
1081 3134 1146 3201 sire
1168 3136 1337 3201 saecularis
1358 3135 1423 3200 sire
1447 3155 1495 3201 rc-

257 3238 374 3322 gularis
396 3238 461 3303 sine
486 3238 590 3301 nostra
609 3235 746 3312 licentia,
771 3240 840 3319 post
862 3236 995 3320 diligens
1014 3256 1140 3303 examen
1157 3240 1362 3316 concedenda,
1385 3239 1500 3305 audeat

256 3360 404 3409 exercere.
453 3340 504 3403 llli
536 3358 615 3418 rere,
646 3341 699 3424 qui
733 3341 811 3404 hauc
842 3341 998 3406 licentiam
1026 3342 1185 3425 assequnti
1217 3342 1350 3422 fuerint,
1379 3362 1416 3407 ea
1440 3362 1499 3408 non

256 3449 385 3513 utantur
416 3447 563 3528 quaestus
597 3449 652 3510 aut
681 3444 873 3511 curiositatis
903 3444 1025 3529 gratia,
1061 3465 1117 3512 noc
1152 3466 1170 3512 a
1208 3447 1342 3513 Ritualis
1381 3450 1496 3512 romani

258 3549 445 3635 praescripto
469 3548 624 3614 recedant.

363 3661 575 3745 illusupellex
598 3679 676 3746 quae
701 3662 738 3727 ad
760 3662 900 3727 divinum
923 3662 1042 3727 cultum
1058 3661 1127 3727 usui
1143 3667 1201 3740 est,
1223 3663 1326 3728 omnia
1348 3663 1493 3728 altarium

255 3768 438 3848 ornamenta
460 3768 493 3831 ct
514 3765 724 3831 ministrorum
749 3766 931 3830 indumenta
962 3785 1021 3831 non
1047 3765 1256 3831 adhibeantur
1280 3768 1458 3851 priusquam
1478 3786 1494 3831 a

258 3872 354 3939 Nobis
377 3870 426 3935 rel
450 3890 469 3935 a
491 3870 649 3935 sacerdote
671 3891 689 3934 a
712 3870 809 3935 Nobis
833 3869 976 3954 delegabo
998 3889 1034 3935 ex
1057 3872 1184 3936 sauctae
1200 3871 1289 3937 Sedis
1304 3871 1425 3936 indulto
1440 3872 1494 3935 rite

257 3976 419 4041 benedicta
442 3974 565 4041 luerint.
597 3974 645 4039 dn
665 3974 772 4039 eadem
796 3978 900 4050 autem
923 3975 1032 4038 sancta
1053 3971 1132 4039 Sede
1155 3973 1340 4041 facultatem
1364 3975 1404 4040 ad
1420 3981 1495 4040 tom·

258 4099 313 4166 pua
335 4080 525 4145 obtinuimus
549 4078 756 4161 delegandae,
788 4082 825 4143 ut
846 4076 1044 4161 delegamus,
1076 4079 1241 4161 potestatis
1273 4079 1494 4144 benedicendae

256 4202 362 4250 sacrae
383 4181 585 4266 supellectilis
607 4183 638 4246 in
659 4202 719 4266 qua
740 4201 830 4247 saera
857 4183 964 4248 unctio
987 4200 1045 4245 non
1069 4182 1269 4261 adhibeatur,
1304 4184 1416 4249 nostris
1443 4183 1493 4247 Vi·

254 4289 346 4353 cariis
365 4286 571 4373 generalibus,
588 4286 794 4371 dignitatibus
810 4289 842 4351 et
858 4286 1015 4351 canonicis
1037 4285 1244 4352 ldoclesiarum
1260 4285 1492 4365 cathedralium,

364 4480 387 4547 l)
407 4481 432 4532 S.
444 4478 475 4532 R.
484 4478 513 4533 O.
525 4480 565 4532 la.
576 4479 637 4531 Jau.
654 4477 728 4539 1627,
743 4478 784 4531 29.
799 4477 865 4531 Nor.
876 4477 943 4530 1749
956 4477 1020 4531 etl.
1033 4476 1108 4546 Sept.
1120 4477 1197 4533 1838.
1218 4506 1245 4517 -
1261 4477 1290 4545 2)
1303 4476 1403 4532 nescu
1417 4475 1493 4538 mv..

255 4564 347 4619 Cunst.
362 4570 408 4619 Art
420 4568 586 4633 passion-is,
600 4563 641 4616 13.
655 4564 716 4617 Dec.
728 4564 802 4617 1740.
817 4590 850 4602 -
862 4562 889 4629 8)
902 4562 929 4616 S.
943 4564 975 4616 u.
988 4564 1017 4617 0.
1029 4565 1053 4616 7.
1067 4562 1152 4633 April.
1167 4563 1234 4617 1832
1246 4566 1275 4618 et
1286 4563 1329 4618 23.
1343 4561 1409 4616 ursii
1424 4561 1492 4616 reat.
