3275 4917
827 766 893 847 xl.

241 924 310 1006 lter
328 923 436 1027 saper
459 922 525 1005 und
546 923 610 1004 der
628 923 804 1024 tulpiacus
823 921 1009 1056 [piscopal
1031 922 1117 1004 uter
1135 923 1190 1002 dle
1208 919 1341 1002 sociale
1360 917 1481 1018 fraqe.

440 1121 469 1181 1.
504 1115 646 1181 Litterae
668 1114 868 1196 Apostolicce
890 1113 933 1178 cd
954 1113 1131 1196 Episcopoc
1154 1113 1273 1196 Bouto.

497 1270 635 1337 Salutem
660 1272 691 1335 et
715 1270 918 1353 apostolicam
942 1269 1196 1336 benedictionem.

354 1401 487 1466 Permoti
516 1401 581 1465 Nos
610 1401 775 1482 praecipua
803 1399 937 1482 quadam
966 1401 997 1464 in
1031 1401 1187 1464 nationem
1220 1400 1353 1462 uestram
1388 1396 1480 1461 bene·

241 1507 393 1581 volentia,
416 1509 510 1588 atque
531 1504 736 1587 complurium
762 1508 872 1587 rogatu
896 1502 1008 1568 civium
1033 1503 1177 1581 adducti,
1201 1501 1369 1586 peculiares
1392 1518 1480 1565 curas

240 1610 279 1675 ad
300 1609 468 1676 catholicos
492 1608 603 1692 Belgas
627 1609 713 1692 gravi
737 1608 769 1672 in
792 1627 826 1673 rs
846 1608 1062 1675 convertimus.
1103 1609 1197 1674 Plane
1220 1605 1399 1689 intelligitis
1421 1622 1481 1688 qno

239 1716 428 1797 spectemus:
460 1712 497 1777 ad
523 1731 648 1778 causam
672 1732 781 1795 nempe
801 1713 965 1789 socialem,
996 1731 1075 1795 quae
1105 1711 1264 1778 ardentius
1296 1711 1376 1774 inter
1399 1707 1481 1792 ipsos

240 1819 362 1902 agitata
383 1819 428 1884 sic
450 1802 598 1883 sollicitat
616 1817 745 1893 animos,
773 1821 808 1881 ut
830 1817 1048 1882 allevationem
1072 1837 1090 1882 a
1112 1816 1209 1882 Nobis
1232 1815 1481 1896 curationemque

240 1941 400 2006 exposcere
424 1922 572 1987 rideatur.
620 1922 679 1986 lies
698 1922 796 1987 ardua
819 1941 872 2004 per
894 1921 1046 2004 seipsam
1069 1924 1127 1997 est,
1151 1920 1377 2001 maioribusque
1400 1915 1480 2000 apud

242 2045 294 2090 vos
316 2015 556 2091 difficultatibus
578 2025 750 2108 implicita:
781 2025 819 2089 ad
844 2045 911 2090 earn
934 2027 1040 2091 tomen
1064 2023 1209 2091 accedere
1232 2043 1290 2089 non
1313 2022 1480 2098 renuimus,

241 2150 302 2214 qua
323 2131 454 2194 maxime
477 2135 562 2213 parte
583 2148 652 2194 curn
677 2129 826 2212 religione
848 2133 880 2194 et
901 2149 970 2195 cum
987 2129 1087 2194 cilicio
1102 2129 1237 2195 muneris
1252 2127 1360 2194 Nostri
1376 2143 1479 2192 neces·

240 2235 321 2300 sario
344 2235 497 2299 cohaeret.
545 2234 627 2298 Nam
650 2234 681 2297 in
706 2235 763 2298 troc
786 2234 902 2317 pariter
926 2233 1139 2300 institutorum
1163 2251 1275 2318 genere
1298 2233 1482 2298 documenta

240 2339 409 2422 sapientiae
434 2339 623 2404 christianae
653 2339 885 2404 accommodata
910 2338 948 2404 ud
973 2341 1111 2421 tempora
1141 2343 1173 2404 ot
1204 2356 1302 2404 urores
1333 2337 1395 2402 iam
1418 2334 1480 2418 pri·

241 2445 310 2508 dem
342 2443 439 2508 Nobis
469 2443 587 2526 placuit
616 2443 785 2525 impertire.
843 2441 1033 2527 Gratamque
1067 2446 1115 2508 est
1149 2460 1388 2508 commemorare
1422 2459 1480 2504 non

241 2552 383 2630 exiguam
414 2547 564 2612 bonorum
594 2552 730 2631 segetem
763 2552 796 2612 et
822 2547 955 2630 singulis
986 2551 1018 2612 et
1047 2547 1228 2613 civitatibus
1254 2545 1325 2611 inde
1348 2546 1480 2628 partam,

241 2651 443 2734 eamdemque
471 2670 524 2734 spe
556 2653 730 2735 praecipere
762 2653 791 2715 iu
822 2652 888 2716 dies
908 2652 1097 2730 ampliorem.
1142 2651 1244 2716 lltiam
1268 2648 1481 2714 incatholicis

242 2755 365 2837 Belgis,
393 2773 522 2837 quorum
546 2755 686 2820 sollertia
708 2756 747 2820 ad
773 2757 949 2821 huiusmodi
973 2756 1121 2821 instituta
1143 2755 1350 2840 promovenda
1371 2751 1481 2818 alacris

241 2859 271 2922 in
294 2858 400 2941 primis
419 2857 538 2934 luerat,
563 2859 681 2924 tructus
704 2879 886 2943 provenere;
919 2881 976 2927 non
1008 2862 1083 2926 adeo
1113 2866 1218 2926 tamen
1250 2861 1284 2922 ut
1306 2858 1406 2923 iustae
1429 2875 1479 2922 ex·

241 2963 428 3047 pectationi‚
467 2968 534 3028 tarn
570 2967 644 3046 apta
677 2965 857 3047 praesertim
893 2966 1018 3048 regione
1052 2968 1084 3029 et
1118 2967 1231 3048 gente,
1268 2963 1480 3048 congruerent.

241 3067 395 3148 Quidnam
419 3068 461 3133 rei
485 3069 657 3145 obstiterit,
688 3068 767 3134 satis
790 3068 948 3152 cognitum
972 3074 1028 3135 est.
1074 3069 1175 3152 Quum
1200 3069 1280 3132 enim
1307 3065 1381 3149 ipsi,
1409 3083 1481 3130 oon·

240 3171 318 3236 siliis
342 3172 416 3236 licet
437 3173 525 3238 bonis
547 3173 690 3256 impulsi.
721 3173 816 3238 aliam
849 3173 903 3238 alii
926 3173 964 3238 de
987 3173 1071 3239 hisce
1095 3173 1185 3238 rebus
1207 3171 1359 3238 sentiendi
1383 3188 1479 3254 agen·

240 3277 332 3359 dique
357 3277 508 3342 rationem
531 3277 666 3353 inierint,
691 3281 835 3359 teneant;
859 3280 1021 3361 propteroa
1044 3277 1173 3354 iactum,
1198 3280 1233 3341 ut
1248 3294 1345 3359 neque
1360 3274 1481 3340 utilita-

241 3384 303 3445 tem
327 3381 462 3463 erpotita
493 3381 539 3445 ris
569 3382 728 3449 dimanare
759 3383 914 3467 potnerit,
946 3400 1044 3466 neque
1070 3382 1292 3447 catholicorum
1320 3377 1483 3446 concordia

240 3483 363 3566 integra
384 3503 571 3566 permanere.
594 3521 637 3534 -
660 3485 728 3550 Hoc
750 3487 814 3553 Nos
837 3505 930 3569 aegre
952 3486 1117 3552 admodum
1141 3486 1268 3551 ierimus
1284 3481 1483 3550 dissensionis

240 3587 424 3670 exemplum,
444 3606 556 3653 nomm
573 3591 695 3678 quidem
713 3595 745 3655 et
761 3591 844 3656 male
859 3590 1053 3674 auspicatum
1071 3590 1152 3674 apud
1169 3589 1339 3656 catholicos
1356 3588 1482 3671 Belgasr

240 3690 291 3773 qni
313 3691 414 3756 felicis
436 3692 607 3759 animorum
628 3713 664 3758 ac
687 3694 854 3777 frugiferae
877 3694 1100 3760 coniunctionis
1131 3694 1290 3777 praeclara
1315 3691 1483 3776 specimina

239 3796 322 3860 omni
345 3801 481 3878 tempore
503 3797 674 3863 ediderunt.
717 3798 852 3876 Scilicet,
877 3801 911 3864 ut
932 3799 1015 3864 iacta
1031 3801 1206 3882 repetamus
1222 3817 1282 3862 non
1299 3798 1483 3879 longinquae

240 3901 419 3976 memoriae,
452 3901 623 3967 luculenter
654 3903 684 3966 id
718 3903 820 3986 patuit
854 3903 884 3967 in
916 3922 951 3968 ea
982 3904 1161 3987 quaestione
1191 3921 1270 3988 quae
1302 3903 1408 3966 vocata
1436 3905 1484 3964 est

239 4006 398 4071 scholaris.
444 4005 531 4072 Tunc
554 4008 635 4071 enim
659 4007 794 4072 cuiusvis
817 4007 934 4072 ordinis
963 4008 1136 4074 catholicos
1166 4027 1261 4091 quum
1290 4003 1483 4070 admirabilis

238 4110 362 4193 quidam
386 4117 553 4176 concentus
578 4111 772 4176 voluntatum
797 4129 1005 4196 generosaque
1027 4113 1127 4178 virtus
1147 4115 1179 4178 et
1198 4115 1325 4177 actuosa
1346 4109 1427 4174 inter
1451 4127 1483 4172 sa

237 4212 440 4290 devinxisset,
471 4216 538 4280 eius
573 4215 704 4279 maxime
736 4215 884 4280 beneficio
917 4216 1098 4282 concordiae
1133 4215 1281 4282 successit
1314 4233 1379 4292 ros,
1412 4231 1482 4278 cnm

237 4317 393 4400 dignitate
416 4318 575 4402 roligionis
598 4321 630 4384 et
649 4318 873 4384 adolescentiae
896 4321 1006 4386 salute.

340 4420 481 4488 Iamvero
501 4440 554 4504 pro
578 4424 681 4487 rostra
699 4423 876 4505 prudentia,
902 4422 1100 4490 venerabiles
1123 4425 1259 4501 Fratres,
1282 4422 1393 4488 videtis
1413 4421 1483 4505 ipsi,

236 4541 330 4606 quam
352 4524 539 4606 periculosas
562 4526 592 4590 in
612 4525 793 4592 offensiones
816 4545 928 4613 greges
952 4533 1088 4608 vestros,
1120 4527 1280 4595 distractis
1307 4528 1338 4592 in
1361 4525 1484 4592 divorsa

236 4627 359 4704 animis,
383 4629 515 4709 proclive
536 4629 579 4694 sit
602 4630 722 4713 publice
746 4636 778 4696 ot
801 4631 946 4715 privatim
961 4633 1081 4710 delati;
1107 4635 1226 4712 videtis,
1247 4652 1339 4716 quam
1358 4643 1479 4696 maturo
