3275 4917
519 266 598 320 Pars
617 265 771 320 secunda:
795 265 839 319 Dc
858 267 1073 320 sacramentis.
1357 250 1421 316 255

174 439 323 522 argenteo
344 437 391 501 vel
414 435 512 502 serico
534 436 605 501 albo
626 435 780 502 exornatis
802 436 962 514 restitum,
984 455 1020 502 ac
1044 437 1158 502 mundo
1174 437 1270 503 linteo
1286 455 1339 502 seu
1356 457 1421 505 cor-

173 542 270 626 porali
294 543 439 606 stratum.
486 541 559 606 llius
579 543 683 606 autem
707 540 871 618 ostiolum,
902 541 982 624 quod
1004 541 1090 606 intus
1114 542 1219 608 eodem
1247 542 1343 608 serico
1366 544 1421 608 ob·

174 647 302 712 ductum
326 665 393 712 esse
415 647 553 731 oportet,
582 646 660 711 clavi
691 648 841 730 argentea
871 647 922 711 vel
943 646 1056 714 saltem
1082 649 1211 730 argento
1234 645 1368 712 obducta
1390 649 1423 713 et

174 751 312 816 funiculo
333 751 430 816 serico
449 770 584 833 appensa
605 750 778 837 claudatur.
814 749 900 832 Quae
923 749 1048 834 quidem
1073 750 1176 830 clavis,
1199 751 1421 818 administrata

179 855 372 920 ltucharistia
393 857 575 938 occlusoque
597 856 808 932 tabernaculo,
832 875 850 920 a
870 857 1002 939 parocho
1019 855 1066 920 uel
1083 874 1101 920 a
1117 857 1275 921 sacerdote
1292 855 1418 922 aedituo

175 960 414 1042 diligentissime
437 961 648 1041 custodiatur,
673 964 709 1025 ut
731 960 873 1026 districte
897 959 1083 1026 mandarunt
1105 960 1219 1024 summi
1244 960 1421 1040 Pontifices,

174 1066 206 1129 et
227 1065 408 1146 praesertim
431 1064 617 1131 Benedictus
635 1065 729 1143 XIV,
753 1066 806 1149 qui
830 1085 884 1148 per
901 1065 1024 1130 litteras
1040 1064 1247 1149 encyclicas1)
1264 1064 1294 1130 S.
1313 1064 1346 1132 C.
1365 1065 1419 1149 hlp.

174 1171 207 1232 et
230 1169 307 1252 Reg.
330 1169 471 1233 omnibus
494 1169 665 1236 Ordinariis
695 1168 829 1234 iniunxit
860 1173 893 1234 ut
928 1168 1120 1252 gravissimis
1144 1171 1176 1234 et
1199 1167 1422 1236 efficacissimis

174 1273 276 1338 verbis
299 1273 455 1338 inculcent
476 1274 635 1356 parochis,
660 1275 847 1353 rectoribus,
871 1273 1005 1339 aedituis
1028 1276 1060 1339 et
1083 1273 1193 1339 ceteris
1216 1275 1358 1338 omuibus
1381 1273 1421 1338 ad

173 1397 249 1461 quos
281 1380 361 1443 sacri
395 1378 588 1444 tabernaculi
619 1377 761 1444 custodia
796 1378 948 1462 pertinet,
985 1397 1022 1442 ne
1053 1376 1117 1442 ullo
1147 1376 1236 1443 modo
1260 1377 1421 1462 negligant

173 1501 265 1565 penes
287 1501 319 1545 se
342 1482 574 1547 accuratissime
596 1483 732 1548 eiusdem
753 1483 946 1548 tabernaculi
970 1483 1087 1548 clavem
1108 1483 1258 1560 retinere,
1282 1484 1338 1547 aut
1359 1482 1421 1547 alio

173 1585 329 1651 tutissimo
352 1587 419 1652 loco
442 1606 616 1654 mserume:
647 1606 770 1652 necesse
799 1587 880 1651 enim
913 1589 961 1652 est
984 1605 1073 1652 omne
1096 1586 1243 1671 sacrilegi
1267 1586 1342 1650 furti
1367 1606 1419 1652 ua-

174 1709 276 1754 sorum
300 1690 542 1756 sacratissimam
569 1692 713 1757 Hostiam
737 1692 964 1756 continentium
995 1691 1164 1773 periculum
1189 1709 1312 1774 prorsus
1335 1709 1417 1756 amo·

176 1813 245 1857 vere
268 1797 299 1858 et
320 1797 468 1862 avertere.
513 1794 600 1877 Quod
625 1796 651 1861 si
674 1814 710 1860 ex
732 1795 908 1860 eorumdem
933 1794 1095 1860 custodum
1119 1795 1240 1860 incuria
1264 1795 1419 1860 scelestis-

173 1899 289 1962 simum
311 1898 502 1981 praedictum
528 1901 644 1964 furtum
666 1901 872 1983 consequatur
894 1899 960 1963 sine
977 1899 1111 1964 violenta
1126 1898 1205 1964 sacri
1226 1898 1418 1965 tabernaculi

173 2002 367 2082 effractione,
399 2023 436 2070 ac
466 2005 661 2088 potissimum
692 2003 718 2069 si
747 2004 981 2070 tabernaculum
1014 2003 1204 2086 patefactum
1237 2003 1418 2086 reperiatur,

172 2109 228 2172 aut
250 2126 321 2172 cum
342 2108 421 2173 claui
445 2110 555 2174 ostiolo
578 2108 671 2173 affixa
697 2112 753 2173 aut
775 2109 836 2174 alio
859 2108 924 2175 loco
947 2109 1067 2186 relicta,
1092 2109 1138 2173 ita
1155 2110 1189 2173 ut
1205 2107 1419 2190 delinquentes

172 2210 262 2276 iacile
278 2212 464 2297 sacrilegum
482 2214 581 2279 scelus
597 2213 755 2298 potuerint
768 2215 956 2298 perpetrare,
974 2214 1081 2278 contra
1097 2212 1255 2296 parochos,
1271 2215 1418 2290 rectores,

173 2316 314 2382 aedituos
346 2317 463 2383 aliasve
497 2338 641 2401 personas
676 2319 836 2384 custodiae
870 2319 952 2383 tanti
986 2316 1179 2383 Sacramcuti
1214 2317 1418 2396 mancipatas,

172 2420 413 2501 implacabiliter
441 2425 472 2487 et
502 2423 619 2506 absque
650 2423 791 2489 iudiciali
824 2422 1023 2507 inquisitione
1047 2421 1205 2488 Ordinarii
1228 2440 1282 2486 suo
1306 2439 1419 2505 poenas

172 2523 302 2588 arbitrio
324 2543 377 2606 pro
401 2526 511 2609 eulpae
534 2527 686 2610 qualitate
707 2527 885 2593 decernant.

277 2648 307 2711 5.
341 2646 377 2711 In
406 2649 607 2715 tabernaculo
635 2651 738 2716 antem
772 2650 804 2714 in
836 2669 895 2734 quo
925 2649 1121 2716 Eucharistia
1144 2647 1338 2727 reconditur,
1369 2649 1417 2712 rel

170 2749 336 2833 aliqnando
357 2753 482 2818 recondi
504 2755 600 2832 solet,
623 2773 690 2820 esse
712 2772 771 2820 non
796 2754 909 2820 dehent
933 2773 1006 2821 vasa
1027 2773 1184 2821 sacrorum
1207 2753 1344 2819 oleorum
1369 2752 1416 2817 rel

170 2873 278 2920 sacrae
301 2856 451 2940 reliquiae
474 2858 521 2923 vel
545 2858 632 2924 aliud
655 2859 813 2942 quidpiam
827 2858 865 2946 Ι).

276 2977 306 3041 d.
331 2977 367 3042 In
390 2979 501 3063 pyxide
523 2983 689 3063 argentea,
713 2979 762 3044 vel
785 2981 810 3046 si
836 2978 965 3044 ecclesia
985 2997 1100 3062 pauper
1123 2979 1182 3056 sit,
1206 2997 1242 3044 ex
1268 2976 1330 3043 alio
1353 2997 1417 3042 mc·

171 3080 249 3145 tello
269 3081 425 3160 confecta,
458 3084 647 3150 extrinsecus
670 3087 799 3167 argento
823 3085 854 3148 et
874 3084 959 3147 intus
983 3101 1057 3148 auro
1078 3082 1212 3148 obducta
1233 3084 1325 3165 atque
1348 3100 1416 3163 pre-

170 3184 249 3249 tioso
273 3185 340 3251 velo
363 3186 427 3251 albi
443 3187 553 3252 coloris
568 3189 685 3271 operta,
707 3187 939 3253 sanctissimum
957 3187 1172 3252 Eucharistiae
1187 3187 1416 3250 sacramentnm

172 3293 317 3372 perpetuo
341 3293 498 3368 serretnr;
521 3294 553 3357 et
576 3295 623 3357 tot
646 3309 765 3375 semper
789 3291 820 3355 in
843 3293 987 3375 promptu
1009 3290 1112 3356 iustae
1136 3307 1296 3356 mensuras
1310 3307 1415 3354 sacrae

172 3392 344 3460 habeantur
366 3397 549 3478 particulae,
571 3397 647 3480 quot
669 3395 812 3461 fidelibus
836 3394 1088 3462 communionem
1107 3394 1335 3478 postulantibus
1350 3393 1415 3458 anl-

171 3497 262 3563 iicere
285 3500 411 3581 possint.
447 3501 562 3566 Earum
589 3519 659 3566 vero
679 3500 838 3566 renovatio
861 3519 923 3565 una
945 3519 1015 3566 cum
1039 3519 1181 3566 rasorum
1205 3498 1416 3582 purificatione

171 3621 292 3684 quaque
315 3603 365 3666 die
387 3604 541 3670 dominica
569 3604 711 3670 iacienda
738 3607 800 3684 est,
833 3623 893 3670 non
922 3606 1027 3670 autem
1057 3604 1225 3670 differenda
1256 3603 1295 3668 ad
1325 3603 1416 3686 quin-

173 3705 272 3771 decim
296 3706 362 3772 dies
375 3709 411 3791 ⁸).

276 3827 305 3893 7.
341 3831 422 3895 Ante
451 3831 686 3897 tabernaculum
718 3832 749 3895 in
780 3850 841 3915 quo
870 3830 1079 3897 Sanctissima
1099 3830 1296 3896 Eucharistia
1316 3847 1415 3895 asser-

171 3934 272 4011 vatur,
294 3933 406 3999 saltem
431 3954 492 3999 una
515 3937 635 4019 lampas
657 3937 724 4001 oleo
742 3955 778 4000 er
798 3935 889 4001 olivis
911 3934 1083 4021 enutrita⁴)
1107 3934 1161 4000 diu
1181 3937 1334 4018 noctuque
1352 3934 1415 3998 col·

169 4037 289 4118 luceat,
318 4041 352 4102 et
379 4039 503 4121 quidem
535 4040 582 4105 uel
612 4041 644 4104 in
674 4040 774 4105 medio
799 4039 982 4124 presbyterii
1006 4038 1053 4104 rel
1075 4039 1106 4103 in
1130 4057 1222 4104 cornu
1244 4037 1414 4121 Evangelii.

171 4141 378 4206 Ecclesiarum
402 4146 537 4208 rectores
560 4144 758 4209 meminerint
780 4162 813 4209 so
836 4162 975 4227 peccare,
1006 4142 1033 4208 si
1063 4143 1140 4209 haec
1167 4143 1285 4225 lampas
1308 4160 1412 4208 eorum

169 4246 261 4328 eulpa
291 4246 395 4330 aliquo
427 4248 555 4313 notabili
584 4249 733 4332 temporis
754 4249 856 4331 spatio
878 4248 1014 4313 extincta
1038 4248 1172 4312 maneat.
1220 4247 1254 4310 ln
1276 4245 1414 4312 ecclesiis

275 4447 300 4516 1)
318 4448 369 4502 Die
388 4451 412 4503 9.
431 4447 508 4503 Febr.
526 4449 602 4504 1751.
630 4478 662 4487 -
689 4449 762 4515 218.
784 4449 815 4503 R.
838 4447 866 4505 Ο.
892 4449 916 4503 3.
936 4448 1002 4504 Maii
1029 4449 1105 4505 1693.
1135 4477 1166 4488 -
1190 4447 1217 4516 3)
1236 4445 1319 4504 Clam.
1337 4447 1413 4504 vm.

168 4535 260 4590 Cenat
282 4540 503 4592 Sanctissimae
530 4537 573 4592 31.
602 4537 672 4608 Aug.
702 4537 782 4602 1595,
806 4539 835 4592 et
863 4537 890 4592 S.
912 4536 941 4592 0.
962 4537 1010 4605 Ep.
1036 4539 1064 4590 et
1087 4535 1153 4606 Reg.
1177 4536 1209 4590 In
1229 4534 1411 4592 &nanneten

168 4623 192 4676 5.
212 4621 300 4692 ⁴lpril.
321 4623 395 4678 itit
416 4650 451 4662 —
468 4623 495 4691 t)
514 4623 541 4678 S.
559 4624 592 4680 B.
612 4622 640 4680 C.
659 4626 684 4680 9.
703 4623 759 4680 Jnl.
779 4623 856 4680 1864.
