3275 4917
517 301 597 358 Pars
612 303 768 360 cawades
789 305 833 360 Dc
851 305 1067 360 nomomensis.
1348 279 1412 349 257

171 475 399 544 Ducharistiam
425 494 494 540 cnm
521 477 711 560 paramentis
732 475 831 560 nigris
853 475 1064 541 administrari
1093 475 1187 542 etiarn
1215 494 1285 542 cum
1316 474 1412 559 parti·

170 582 248 648 culis
271 582 362 647 antea
385 581 582 656 consecratis,
608 581 690 646 intra
711 581 852 657 Missam,
875 580 1039 646 extraendo
1062 579 1203 666 pyxidem
1227 599 1247 645 a
1267 581 1412 646 taberna·

169 688 249 765 culo,
272 687 304 752 et
325 685 506 752 immediate
527 689 596 768 post
619 685 766 762 Missam;
797 685 882 750 iusta
909 687 1013 751 autern
1034 685 1072 750 de
1095 703 1206 761 causa,
1232 683 1412 749 immediate

168 809 290 875 quoque
313 792 385 855 aute
408 790 555 867 Missam3
578 791 609 853 in
633 793 763 873 utroque
782 792 888 856 tamen
910 809 984 857 casn
1006 789 1210 856 omittendam
1231 807 1297 854 esse
1320 789 1412 852 bene·

169 893 345 963 dictionem.
1418 969 1420 974 ,

274 999 325 1068 12.
362 1000 511 1065 vetamus
540 1001 571 1065 in
602 1001 711 1082 quavis
742 999 871 1066 ecclesie
899 1019 956 1066 nou
986 999 1154 1084 parochiali
1183 997 1410 1063 Eucharistium

169 1103 315 1169 distribui
344 1104 487 1169 fidelibus
517 1105 595 1170 ieria
619 1105 644 1168 V
673 1107 703 1170 in
731 1105 834 1172 Coena
864 1105 985 1171 Domini
1008 1107 1040 1170 et
1065 1103 1225 1170 Dominica
1250 1101 1413 1168 Paschatis

168 1209 413 1274 Resurrectionis
447 1209 564 1293 absque
597 1212 702 1276 nostra
738 1210 873 1275 lieentia.
936 1210 1034 1276 Nocte
1066 1207 1253 1274 Natiuitatis
1287 1206 1411 1274 Domini

170 1312 365 1378 Eucharistia
387 1313 531 1378 iidelibus
554 1314 753 1380 adstantibus
774 1313 985 1380 administrari
1016 1333 1074 1378 uon
1103 1315 1218 1397 potest,
1252 1311 1309 1378 etsi
1340 1329 1412 1377 cou-

168 1417 276 1494 traria,
301 1419 395 1482 etiarn
418 1418 681 1496 immemorabilis,
706 1419 878 1484 obtinuerit
893 1417 1091 1496 consuetudo,
1113 1435 1171 1482 non
1188 1417 1312 1482 lirenata
1330 1419 1411 1499 dpe-

168 1521 278 1587 stolico
300 1521 420 1587 indulto
433 1523 468 1605 ¹).
519 1523 608 1587 deria
634 1523 675 1587 vl
707 1523 739 1588 in
773 1525 939 1589 l'araseere
967 1521 1178 1588 administrari
1211 1540 1268 1586 nnn
1299 1521 1411 1604 potest,

169 1626 228 1690 nisi
252 1645 306 1708 pro
328 1626 466 1704 Viatic03
490 1626 628 1692 Sabbatc
649 1629 753 1692 autem
777 1630 884 1692 sancto
903 1629 1006 1711 potest
1021 1625 1232 1692 administrari
1251 1627 1318 1708 post
1337 1625 1412 1689 blis-

168 1749 246 1808 sam,
271 1748 330 1796 non
354 1749 424 1796 rere
447 1733 528 1795 inter
551 1731 688 1796 eiusdem
711 1732 949 1798 celebrationem
965 1735 1000 1814 ¹).

275 1835 325 1902 13.
361 1835 451 1900 Deris
475 1834 553 1898 Vin
577 1835 678 1901 Coena
701 1836 844 1914 Domini,
875 1837 961 1902 iuxta
984 1834 1232 1920 antiquissimam
1256 1833 1412 1900 Ecclesiae

169 1939 436 2016 consuetudinem,
469 1939 627 2016 oenomai,
659 1939 835 2006 sacerdotes
869 1941 901 2005 et
935 1939 1038 2006 cleriei
1069 1957 1175 2004 omnes
1205 1957 1241 2004 ex
1271 1936 1411 2022 pluribus

173 2043 354 2108 Pontificum
380 2043 513 2110 decretis
533 2045 678 2109 tenemur
698 2062 818 2109 sacram
844 2045 1073 2110 Dncharistiam
1095 2043 1234 2126 accipere
1256 2042 1295 2108 de
1317 2059 1411 2106 maun

168 2147 346 2212 solemniter
369 2149 556 2214 celebrantis
578 2149 609 2212 in
633 2149 764 2215 ecclesia
785 2151 834 2213 cui
858 2150 1037 2215 inserviunt.
1075 2148 1211 2214 Nomina
1233 2165 1336 2213 eorum
1356 2145 1411 2230 qui

167 2250 233 2316 sine
255 2251 339 2317 insta
360 2270 454 2318 cause
476 2252 507 2316 id
529 2254 729 2336 neglexerint.
754 2254 793 2320 ad
817 2254 883 2320 Nos
907 2253 1057 2336 parochus
1076 2252 1195 2317 delerre
1219 2250 1353 2318 debebit.

276 2357 323 2421 14.
347 2356 384 2422 ln
406 2357 549 2423 omnibns
572 2358 711 2423 ecclesiis
732 2357 960 2440 parochialibus
981 2359 1066 2440 pueri
1083 2357 1121 2422 ad
1137 2375 1256 2421 sacram
1272 2355 1409 2420 Mensam
1516 2411 1520 2418 .

169 2460 268 2541 primo
292 2460 496 2538 admittendi,
519 2481 626 2528 omnes
647 2463 738 2526 simul
762 2466 832 2545 post
856 2463 976 2530 Pascha
998 2463 1135 2527 restibus
1152 2459 1337 2526 decentibus
1358 2458 1407 2524 in·

168 2563 248 2642 duti,
273 2563 379 2628 debita
401 2583 470 2628 cum
487 2566 721 2648 praeparatione
742 2567 922 2632 solemniter
936 2567 975 2632 ad
992 2585 1059 2632 eam
1076 2565 1241 2640 accedant3
1262 2563 1409 2646 adquam

168 2685 220 2732 ens
244 2667 368 2749 parochi
392 2687 450 2734 non
474 2669 644 2736 admittant
671 2671 730 2736 nisi
759 2690 810 2736 ecs
840 2671 895 2755 qni
921 2672 959 2736 ad
989 2689 1086 2736 annos
1117 2667 1312 2735 discretionis
1341 2685 1410 2751 per·

166 2772 317 2848 veneunt,
341 2771 540 2856 sedulamque
562 2774 637 2839 dent
655 2795 778 2858 operam
799 2776 889 2841 naid
910 2775 1072 2842 dideratur
1095 2773 1178 2839 ultra
1193 2771 1407 2839 duodecimum

166 2895 299 2952 annum;
322 2878 356 2942 at
374 2878 489 2942 rectius
510 2878 640 2946 iecerint
662 2881 716 2963 qni
738 2879 818 2946 hanc
841 2881 1055 2964 praevenerint
1077 2881 1222 2944 aetatem.

276 2983 322 3046 15.
349 2980 466 3047 Omnes
485 2986 589 3048 autem
612 2985 665 3066 qui
689 2985 726 3048 ad
751 3003 872 3050 sacram
898 2985 1037 3051 Mensam
1059 2983 1156 3049 semel
1175 2980 1303 3046 admissi
1325 2983 1409 3056 sunt,

165 3087 311 3149 tenentur
337 3085 469 3168 singulis
500 3089 602 3163 annis,
634 3088 746 3153 saltem
781 3089 812 3152 in
844 3089 997 3154 Paschate
1024 3089 1063 3154 ad
1090 3087 1334 3153 communionem
1359 3103 1409 3150 ac·

165 3187 273 3253 cedere
283 3190 318 3272 ⁸).
366 3189 494 3255 Parochi
528 3190 704 3256 huiusmodi
736 3195 951 3276 praeceptum,
986 3193 1067 3277 quod
1099 3188 1328 3274 adimplendum
1361 3191 1410 3253 est

164 3292 246 3357 iuna
271 3293 462 3359 Dominicam
484 3294 662 3360 Palmamm
681 3297 714 3361 et
738 3297 930 3362 Dominicam
951 3297 982 3364 in
1004 3297 1145 3373 albich,
1175 3293 1358 3378 tempestive
1376 3293 1407 3359 in

165 3397 345 3462 memoriam
367 3417 493 3462 suornm
517 3400 711 3465 subditorum
736 3401 902 3479 reducant3
925 3420 1037 3486 eosque
1060 3403 1203 3466 moneant
1225 3397 1324 3464 eidem
1348 3416 1407 3463 nou

164 3500 311 3565 satisfieri
333 3501 561 3568 neelamitem
584 3505 735 3589 sacrilege
757 3507 925 3584 sumendo,
956 3506 1006 3572 rel
1032 3505 1180 3572 sumendo
1210 3504 1241 3568 iu
1264 3503 1335 3567 allis
1358 3521 1408 3568 ec·

166 3604 286 3686 clesiis;
310 3606 370 3670 nisi
392 3607 423 3671 id
446 3607 502 3672 bat
524 3608 563 3673 de
586 3611 710 3692 parochi
733 3628 882 3702 consensu
897 3612 1009 3676 saltem
1025 3611 1229 3694 praesumpto.
1257 3607 1409 3674 Perochos

165 3711 270 3772 antem
294 3709 456 3776 hortamur
476 3717 512 3776 ut
534 3731 566 3778 se
590 3713 697 3780 iaciles
719 3716 887 3798 praebeant
909 3715 941 3780 iu
965 3715 1160 3782 assentiendo
1175 3717 1210 3780 at
1226 3711 1407 3797 parochiani

165 3811 197 3876 iu
220 3811 283 3877 alia
305 3813 436 3880 ecclesia
458 3821 620 3900 praecepto
642 3819 848 3885 satisfaciant.

271 3918 320 3982 16.
354 3917 424 3986 Illis
454 3939 525 3987 nero
550 3923 603 4005 qni
634 3924 721 4006 graui
751 3925 858 3990 morbo
884 3924 1044 4003 laborant,
1076 3925 1124 3990 rel
1155 3923 1186 3992 in
1210 3940 1330 3990 carcere
1353 3922 1407 3987 dc·

164 4021 319 4100 tinemut,
353 4023 493 4091 volomus
524 4029 559 4091 ut
587 4045 640 4109 per
669 4046 721 4093 eos
751 4027 789 4093 ad
820 4047 895 4112 quos
918 4032 1053 4112 spectet,
1077 4029 1185 4095 diebus
1208 4025 1407 4110 paschalibus

163 4125 321 4193 deleratur
344 4127 533 4196 Communis.
907 4131 909 4137 ’

271 4233 319 4298 17.
343 4233 402 4315 Qui
427 4237 564 4317 tempore
587 4236 723 4317 paschali
748 4238 786 4303 ah
809 4237 859 4303 his
885 4237 1083 4303 Dioeeesibus
1106 4237 1279 4315 abluerint,
1301 4235 1328 4302 si
1351 4236 1406 4301 ubi

164 4335 375 4402 mansitabant
397 4343 559 4422 praecepto
581 4340 799 4419 satisfecerint,
823 4341 861 4407 de
882 4342 1059 4408 huiusmodi
1083 4341 1306 4419 satisfactione,
1334 4359 1404 4406 cum

268 4493 689 4559 memorandarum.
716 4525 751 4538 -
775 4497 803 4566 D)
822 4497 849 4554 S.
872 4499 903 4553 u.
930 4497 957 4554 (l.
983 4501 1007 4554 7.
1027 4500 1099 4569 Sept.
1120 4497 1195 4555 1850.
1221 4527 1255 4540 -
1278 4499 1306 4566 D)
1325 4497 1404 4554 Cone.

162 4575 288 4632 lateran.
309 4579 354 4640 lV,
378 4585 407 4634 et
426 4579 504 4636 Dono.
524 4583 599 4638 Trid.
618 4599 682 4638 sess.
703 4583 770 4639 lllll
794 4601 853 4641 can.
871 4587 895 4641 9.
922 4615 956 4626 -
983 4587 1009 4654 l)
1027 4587 1128 4657 bingen.
1149 4587 1193 4641 lV.
1221 4586 1303 4641 Bulla
1328 4586 1405 4642 Fide

162 4667 269 4734 dipersi,
286 4681 330 4720 tn.
349 4665 425 4722 1440.
