3275 4917
823 753 890 834 ΧΧ.

306 897 393 977 tcta
419 916 448 977 s.
474 897 578 980 Sedis
604 903 640 980 et
665 900 812 983 decreta
838 900 1142 1002 congregationum
1173 900 1412 983 Romanarum.

238 1095 267 1156 1.
291 1090 354 1155 Leo
375 1089 477 1156 XIII.
503 1093 679 1175 Augemtino
702 1089 814 1160 liberto
829 1093 970 1176 episcopo
989 1093 1180 1160 ffltoomnoc‘
1199 1094 1238 1159 de
1255 1099 1341 1159 secto
1362 1091 1480 1158 »Petite

802 1197 925 1280 aptiae«

717 1334 777 1399 Leo
800 1335 836 1400 P.
850 1335 885 1402 P.
910 1334 1000 1401 Xlll.

317 1472 514 1539 venerabiles
537 1473 641 1553 frater,
666 1473 798 1539 salutem
821 1474 853 1538 et
876 1473 1077 1557 apostolicam
1102 1472 1356 1540 benedictionem.

344 1594 463 1660 llximia
486 1595 550 1660 Nos
573 1594 695 1660 laetitia
717 1595 842 1660 litterae
861 1595 1047 1672 olfecerunt,
1080 1615 1098 1660 a
1126 1594 1239 1660 dilecto
1267 1595 1345 1660 Filio
1364 1593 1480 1660 Nostro

238 1697 373 1782 Iosepho
396 1697 426 1767 S.
444 1700 479 1766 R.
499 1700 532 1767 lt.
553 1699 711 1764 Oardinali
738 1700 861 1777 doulon,
886 1700 1122 1784 Archiepiscopo
1147 1697 1357 1784 lugdunensi,
1381 1699 1479 1782 pridie

240 1819 334 1868 caonas
357 1803 532 1869 decembres
555 1823 636 1869 anuo
656 1804 812 1888 superiore
834 1804 944 1882 datae,
967 1805 1068 1870 fauste
1091 1803 1321 1888 significantes,
1342 1802 1482 1868 hemines

240 1925 308 1981 eos,
335 1907 447 1991 quihus
478 1927 497 1974 a
523 1909 632 1975 Porro
660 1909 807 1976 Ecclesia
835 1912 883 1973 est
913 1927 1040 1986 nornen,
1072 1908 1167 1973 nohili
1190 1907 1256 1973 uiro
1279 1906 1379 1972 llario
1403 1906 1482 1985 Dae,

241 2010 331 2075 hodie
366 2011 512 2094 primerio
546 2012 681 2095 ipsorum
717 2013 900 2095 interprete,
938 2032 1118 2096 propensum
1155 2011 1309 2096 quoddam
1343 2011 1480 2077 studium

240 2114 399 2180 ostendere
422 2115 460 2180 ad
480 2116 616 2182 schisma
637 2135 698 2200 qno
721 2119 866 2182 tenentur
881 2117 1114 2200 repudiandum,
1138 2116 1405 2200 quoacroudamque
1419 2115 1481 2180 rite

241 2219 484 2285 communionem
519 2220 703 2286 catholicam
738 2221 794 2285 soh
826 2221 984 2306 Episcopis
1010 2241 1074 2305 sper
1103 2240 1264 2286 romanum
1298 2219 1480 2286 Pontificem

240 2323 429 2393 constitutis.
473 2325 560 2390 Nihil
583 2327 738 2391 enimuero
757 2325 926 2409 jucundius
952 2325 1049 2391 Nobis
1071 2325 1235 2409 obtigerit,
1265 2344 1357 2408 quam
1384 2324 1412 2388 si
1435 2323 1482 2388 ri·

241 2425 369 2493 deamus
400 2429 463 2513 Ipsi
494 2432 638 2514 paternas
667 2430 857 2496 hortationes
888 2434 922 2496 et
957 2431 1029 2496 rota
1066 2431 1263 2495 Decessorum
1296 2428 1479 2506 illustrium,

241 2532 290 2597 Pii
315 2533 419 2611 vlla,
444 2534 667 2617 beoniam,
694 2535 740 2600 Pii
763 2534 837 2610 lX.‚
862 2553 957 2619 aeque
979 2553 1015 2600 ac
1036 2533 1260 2600 sollicitudines
1284 2533 1415 2600 Nostros
1437 2531 1478 2598 ed

240 2637 382 2719 optatum
405 2638 521 2703 exitum
544 2637 709 2722 aliquando
731 2639 905 2722 perductas.
951 2639 1081 2717 Verum,
1108 2657 1204 2723 quum
1235 2637 1317 2703 idem
1347 2635 1480 2702 dilectos

241 2739 340 2805 Filius
362 2740 476 2807 Noster
494 2742 559 2827 jam
582 2743 620 2806 ad
637 2742 801 2809 coelestem
815 2743 958 2827 justitiae
978 2761 1132 2823 coronam,
1157 2743 1220 2808 Deo
1242 2744 1380 2820 vocante,
1404 2759 1478 2807 eon-

241 2845 384 2922 cesserit‚
415 2846 493 2925 tibi,
522 2847 715 2914 Venerabilis
738 2847 865 2926 Frater,
895 2848 984 2932 cajus
1013 2866 1133 2932 quoque
1159 2847 1192 2912 in
1213 2847 1360 2923 dioecesi,
1390 2847 1426 2912 ut
1448 2844 1481 2910 in

241 2949 450 3033 augaunensi,
474 2970 531 3017 nou
553 2951 642 3036 pauci
663 2971 729 3018 esse
751 2953 897 3019 dicontur
919 2952 1070 3037 ejusmodi
1094 2952 1243 3030 homines,
1270 2951 1369 3016 satius
1391 2949 1481 3015 doxi-

242 3073 310 3118 mos
333 3055 530 3140 respondeum
560 3058 652 3141 teque
677 3057 766 3142 plane
788 3057 971 3122 confidimus
992 3059 1024 3123 et
1045 3058 1130 3123 certo
1152 3057 1283 3134 scimus,
1307 3056 1479 3140 adjutorem

241 3160 307 3224 tam
329 3161 428 3226 sancti
450 3162 594 3246 gratique
619 3162 682 3228 Deo
704 3160 803 3246 operis
825 3164 986 3227 strenuom
1002 3161 1195 3245 maximeque
1209 3161 1398 3226 industrium
1414 3177 1481 3225 esse

241 3262 306 3328 Nes
338 3264 508 3334 habituros.
561 3267 663 3349 Quom
697 3285 767 3332 roro
801 3266 979 3348 praeclaros
1013 3265 1170 3344 antistes,
1205 3283 1296 3349 quem
1326 3263 1481 3330 llooleoiae

241 3367 440 3452 lugdunensi
464 3388 559 3453 nuper
581 3370 829 3454 designavimus,
858 3369 1002 3435 honorem
1032 3388 1122 3434 saum
1149 3368 1271 3447 inierit,
1302 3369 1393 3434 tuum
1422 3367 1482 3433 erit

243 3472 319 3537 haec
341 3473 449 3539 eadem
472 3473 600 3539 consilia
620 3474 735 3539 Nostra
757 3493 829 3540 cum
851 3473 906 3539 illo
929 3473 1172 3553 communicare,
1203 3492 1263 3557 quo
1285 3472 1388 3557 aptius
1412 3491 1481 3557 pro·

241 3575 352 3660 posita,
375 3577 545 3643 rationibus
567 3577 749 3657 coniunctis,
773 3578 927 3646 eueniant.

346 3681 381 3745 lo
404 3700 464 3767 quo
487 3682 564 3748 illud
585 3683 720 3766 primum
741 3682 866 3765 optime,
888 3682 980 3767 quod,
1001 3681 1046 3746 uti
1067 3681 1202 3746 allatum
1223 3683 1281 3760 est,
1303 3700 1353 3747 rea
1368 3682 1483 3765 agatur

242 3803 312 3850 curn
335 3785 401 3851 viro
424 3785 567 3852 laudibus
591 3787 689 3853 animi
711 3785 846 3871 egregio,
871 3787 965 3870 atque
980 3805 1050 3852 cum
1066 3786 1111 3852 eis
1127 3786 1312 3866 hominihus,
1334 3786 1397 3870 qni,
1421 3785 1482 3850 etsi

242 3889 428 3974 deplorando
451 3909 551 3957 errore
574 3891 676 3970 ducti,
708 3910 778 3958 cum
811 3891 986 3974 pastoribus
1008 3891 1158 3975 legitimis
1178 3889 1406 3958 communicare
1426 3889 1482 3956 ah·

242 3997 355 4075 nuent,
385 4014 442 4062 non
474 3999 576 4062 tamen
609 3997 771 4063 adversam
803 3995 957 4062 Ecclesiae
980 3995 1105 4062 foveant
1127 3996 1337 4077 uoluntatem3
1369 3994 1482 4079 quique

242 4119 300 4167 non
325 4101 414 4168 modo
437 4120 531 4186 praua
555 4101 777 4167 haeretieorum
801 4101 833 4165 ot
861 4101 1008 4168 catholici
1039 4100 1171 4166 nominis
1202 4099 1337 4166 hostiam
1368 4099 1483 4165 inuita-

243 4206 348 4271 menta
370 4206 550 4290 rejecerint,
572 4205 626 4270 sed
650 4205 819 4271 catholicas
843 4205 970 4289 protensi
991 4205 1166 4284 doctrines,
1195 4204 1363 4270 catholicos
1385 4203 1481 4269 etiam

242 4309 321 4377 ritus
344 4328 381 4375 ac
403 4309 599 4394 disciplinam
622 4313 654 4376 ot
677 4308 820 4395 precandi
852 4329 968 4376 morem
991 4311 1163 4375 obsecrent.
1212 4309 1424 4375 Pulcherrima
1446 4327 1483 4374 ex

242 4433 277 4480 eo
298 4413 362 4479 Nos
384 4417 470 4480 tenet
492 4433 579 4498 spes,
611 4415 749 4481 homines
781 4415 826 4480 ita
856 4415 968 4480 animis
999 4416 1193 4498 comparatos
1222 4433 1283 4478 non
1316 4412 1483 4478 difficulter

242 4535 309 4584 esse
331 4517 492 4584 audituros
513 4519 566 4604 qui
588 4539 658 4585 com
682 4517 848 4604 prudentia
869 4519 1055 4585 admoneant
1078 4518 1109 4583 et
1132 4518 1281 4596 caritate3
1308 4537 1380 4584 nam
1402 4536 1482 4601 qnae

242 4621 280 4688 do
299 4621 363 4688 illis
385 4621 535 4704 feruutur,
560 4624 723 4691 dubitandi
745 4623 980 4709 haesitandiquo
1003 4622 1125 4707 capita,
1145 4622 1356 4688 admonitione
1376 4623 1482 4706 potios
