3275 4917
263 240 326 310 434
512 264 655 331 synodus
675 263 875 320 Pistoricnaia
894 268 924 318 el
946 264 1106 319 Prolem
1123 280 1152 317 u.
1172 262 1255 318 raab.

262 436 398 519 itemquo
420 455 475 518 pro
499 434 601 501 Missis
625 434 742 518 piorum
766 434 881 519 legatis
903 433 1149 514 satisfacientis,
1173 434 1238 499 sive
1259 434 1418 519 perpetuis
1440 435 1516 501 siae

261 539 474 623 temporariie;
497 556 552 623 pro
577 539 672 604 Missa
694 539 824 605 solemni
848 558 919 605 sero
942 525 1008 604 bain
1025 538 1222 624 temporaria,
1244 558 1338 623 quam
1354 540 1514 623 perpetua

263 643 387 709 libellas
406 646 480 711 tres.

365 746 417 812 24.
447 746 531 813 Tana
552 766 606 832 pro
629 748 814 814 utensilibus
836 747 868 812 in
891 746 1023 831 singulis
1044 746 1148 813 Missis
1164 766 1200 813 ex
1214 747 1328 831 legatis
1346 747 1511 830 perpetuis

262 851 525 935 proficiscentibus
555 852 739 919 centesimos
771 852 882 937 viginti
914 871 974 917 non
1005 852 1142 917 excedat.
1193 852 1283 917 Hanc
1306 869 1375 916 nero
1398 854 1511 917 tanam

262 956 343 1041 exigi
376 960 516 1023 vetamus
550 976 603 1041 pro
634 957 738 1023 Missis
771 956 962 1022 celebrandis
993 975 1030 1021 ex
1060 954 1260 1041 eleemosynis
1294 956 1378 1020 brevi
1408 974 1511 1020 mann

262 1062 355 1139 datis,
375 1062 407 1126 et
426 1080 445 1127 a
467 1061 626 1127 sacerdote
647 1061 699 1145 qui
723 1062 754 1126 in
778 1061 880 1125 alieno
902 1060 1039 1127 celebrat
1059 1060 1200 1125 eeclesia

365 1166 416 1231 25.
441 1164 473 1230 Si
497 1168 610 1249 agatur
633 1166 672 1231 de
696 1166 791 1230 Missa
810 1166 843 1229 in
859 1166 996 1231 molestis
1011 1166 1044 1230 et
1058 1164 1203 1231 oratoriis
1217 1163 1326 1230 diebus
1341 1162 1510 1229 dominicis

261 1270 294 1333 et
318 1269 404 1334 lestis
426 1270 619 1349 celebranda,
643 1274 678 1335 ut
701 1270 815 1335 vitetur
832 1270 981 1335 auaritiae
997 1271 1080 1347 nota,
1104 1268 1287 1335 couveniens
1306 1267 1508 1352 eleemosyna

262 1393 315 1457 pro
338 1371 457 1439 itineris
481 1374 672 1439 incommodo
696 1376 855 1439 statuatur
877 1372 992 1440 iudicio
1015 1373 1150 1457 parochi.
1183 1371 1216 1439 Si
1240 1372 1321 1457 quis,
1344 1371 1509 1437 occasione

262 1480 386 1561 arrepta
407 1498 442 1543 ex
460 1478 670 1553 sacerdotum,
694 1478 724 1542 in
748 1497 808 1562 qua
833 1497 991 1543 versamur
1012 1477 1156 1561 munna,
1186 1476 1421 1543 immoderatum
1444 1476 1508 1541 sti·

262 1582 406 1663 pendium
431 1602 482 1666 pro
506 1583 611 1649 eodem
634 1582 827 1648 incommodo
847 1582 971 1667 exigat¹
1001 1582 1067 1647 eius
1088 1600 1199 1647 nomen
1221 1582 1260 1646 ab
1283 1581 1349 1665 ipso
1370 1579 1508 1664 parocho

262 1686 358 1753 Nobis
380 1686 578 1752 deferendum
603 1689 678 1764 erit,
709 1690 744 1752 ut
770 1688 802 1751 in
830 1686 1021 1752 sacerdotem
1044 1686 1144 1770 turpis
1165 1685 1243 1753 lueri
1267 1684 1412 1769 cupidum
1435 1683 1508 1748 ani·

262 1791 501 1857 rnranvenamus.

364 1895 416 1963 26.
448 1894 533 1976 Quae
563 1895 600 1961 de
631 1896 825 1980 eleemosyna
852 1915 905 1978 pro
932 1895 1037 1961 Missis
1059 1893 1250 1961 celebrandis
1272 1892 1505 1969 constituimus,

261 1999 301 2063 ud
325 2016 418 2064 onera
441 1998 604 2067 Missurum
637 2000 696 2065 iarn
725 1997 866 2084 legitime
889 2002 1033 2083 suscepta
1056 1998 1178 2065 extendi
1204 1998 1368 2081 nequeunt.
1412 1995 1504 2077 Quod

262 2102 360 2185 igitur
382 2102 421 2167 ad
443 2103 520 2168 baec
542 2122 635 2169 onera
659 2104 782 2182 attinet,
807 2103 880 2169 licet
903 2105 1025 2169 statuta
1046 2102 1203 2186 stipendia
1225 2101 1337 2186 erigam
1357 2100 1430 2177 sint,
1454 2102 1506 2165 tot

187 2224 188 2229 ’
264 2206 378 2272 Missae
409 2207 557 2273 celebrari
585 2207 713 2286 debent,
741 2212 816 2293 quot
842 2209 880 2273 ad
911 2208 1060 2274 rationem
1092 2207 1269 2291 assignatae
1292 2205 1506 2289 eleemosynae

262 2313 399 2376 statutae
423 2312 564 2391 luemnt;
588 2312 680 2378 aliter
701 2312 849 2379 iacientes
871 2316 999 2396 peccant
1021 2311 1195 2378 mortaliter
1217 2312 1250 2376 et
1272 2310 1312 2375 ad
1329 2308 1504 2375 restitutio·

263 2435 331 2481 nem
356 2416 543 2503 tenenturl).
587 2416 700 2484 Omnes
721 2420 827 2483 autem
847 2437 976 2501 quorum
999 2415 1130 2483 interest
1152 2420 1188 2481 ut
1210 2414 1316 2479 eadem
1333 2432 1428 2479 onera
1442 2412 1505 2476 im·

262 2518 456 2600 minuantur,
486 2520 525 2586 ad
546 2521 609 2586 Nos
632 2524 806 2599 recurrant,
838 2522 890 2604 qui
922 2522 1123 2586 facultatibus
1154 2520 1194 2586 ab
1226 2517 1402 2602 Apostolica
1423 2515 1505 2582 Sede

262 2623 358 2688 Nobis
372 2623 533 2709 delegatis,
555 2624 730 2691 huiusmodi
742 2625 974 2691 imminutiones
986 2626 1024 2691 ad
1039 2625 1206 2691 trienninm
1219 2624 1318 2691 iacere
1329 2639 1503 2705 possumus.

365 2728 416 2794 27.
439 2728 724 2794 Animadvertimus
746 2732 849 2795 autem
877 2729 1006 2795 uetitum
1030 2748 1096 2795 esee
1117 2728 1279 2811 capitulis,
1302 2725 1500 2792 ecelesiarum

262 2830 446 2909 rectoribus,
471 2833 792 2912 confratemitatibus‚
817 2834 1011 2898 monasteriis
1029 2836 1063 2898 et
1084 2833 1327 2917 quibuscumque
1352 2828 1498 2913 perpetua

261 2954 353 3001 onera
377 2936 540 3002 Missurum
565 2938 703 3022 accipere
733 2939 847 3022 absque
877 2940 984 3005 nostra
1011 2937 1059 3003 vel
1086 2937 1182 3003 nostri
1206 2935 1323 3001 Vicarii
1347 2931 1501 3018 generalis

261 3039 387 3107 licentia
408 3042 522 3126 scripto
545 3042 665 3126 data‘).

365 3145 416 3210 28.
441 3144 475 3209 ln
495 3145 661 3212 cuiuslibet
682 3147 830 3213 ecelesiae
854 3147 988 3213 sacrario
1010 3149 1095 3212 extet
1117 3145 1210 3211 ailina
1232 3144 1358 3220 tabella,
1384 3142 1415 3207 in
1440 3160 1503 3224 qua

261 3247 414 3331 descripta
448 3250 512 3315 sint
544 3250 647 3316 ornnia
680 3270 772 3317 onera
807 3252 973 3317 Missurum
1007 3270 1085 3335 quae
1118 3270 1171 3335 per
1204 3268 1318 3315 aninum
1353 3246 1501 3312 celebrari

261 3352 384 3429 debent,
407 3372 476 3419 cum
500 3354 648 3421 distincta
671 3356 870 3421 adnotatione
892 3355 1054 3421 titulorum
1078 3374 1113 3421 er
1136 3354 1247 3437 quibua
1262 3349 1502 3435 unumquodque

259 3457 433 3522 eorrrmdem
466 3478 592 3525 onerum
616 3460 722 3526 oritur.
766 3460 907 3544 Itemque
937 3463 1020 3525 extet
1049 3460 1081 3523 in
1111 3459 1216 3525 eodem
1246 3456 1382 3523 sacrario
1412 3454 1500 3531 liber,

260 3562 352 3645 vulgo
375 3563 543 3642 banchetto,
577 3565 607 3628 in
635 3583 693 3648 quo
720 3584 813 3631 onena
846 3564 1008 3629 Missurum
1032 3567 1181 3649 perpetua
1201 3563 1346 3629 accurate
1367 3560 1431 3625 sint
1452 3557 1500 3623 di·

259 3666 411 3745 atributa,
434 3670 467 3732 et
488 3686 617 3752 quorum
640 3668 811 3734 satisfactio
833 3671 881 3734 tot
905 3669 935 3733 in
959 3668 1066 3745 lineis,
1090 3672 1166 3752 quot
1189 3668 1353 3732 Missarurn
1378 3682 1497 3747 respon·

260 3770 353 3835 deant
376 3789 511 3849 nurnero,
535 3775 716 3852 adnotetur,
748 3776 780 3839 et
810 3773 934 3856 quidem
966 3772 1086 3856 propria
1108 3771 1294 3837 celebrantis
1318 3789 1428 3845 manu,
1449 3786 1499 3832 ex·

260 3892 362 3958 presso
385 3876 431 3939 sui
453 3876 550 3959 ipsius
574 3876 705 3953 nomine,
728 3878 909 3961 cognomine
933 3880 965 3944 et
983 3876 1145 3960 qualitate,
1168 3879 1261 3959 atque
1284 3892 1375 3952 anno,
1397 3892 1500 3937 mense

261 3980 292 4043 et
316 3978 363 4043 die
386 3980 647 4065 celebrationis⁸).
693 3982 739 4046 Ne
771 3985 877 4047 autem
904 3980 1026 4065 longius
1058 3981 1219 4046 differatur
1249 3980 1415 4044 Missurum
1446 3995 1496 4041 ce·

259 4081 390 4148 lebratio
412 4084 450 4149 ob
474 4103 577 4150 eorum
600 4085 751 4151 incuriam
775 4084 886 4169 quibus
910 4086 961 4168 pia
988 4084 1095 4169 legata
1125 4082 1282 4168 implenda
1312 4086 1404 4162 sunt,
1435 4082 1499 4147 Nos

259 4186 298 4251 ad
323 4186 497 4253 huiusmodi
520 4188 669 4255 incuriam
694 4189 902 4267 auferendam,
923 4208 1000 4273 quae
1024 4190 1091 4272 pias
1114 4191 1300 4254 testatorum
1323 4188 1498 4253 voluntates

259 4291 433 4370 frustratur,
458 4292 613 4377 efficitque
637 4296 673 4361 ut
695 4294 816 4359 diuinus
837 4293 1041 4358 imminuatur
1063 4294 1175 4372 cultus,
1196 4292 1365 4359 statuimus
1388 4293 1425 4356 ut
1446 4310 1498 4373 pa-

364 4446 499 4516 1)1nnoo.
519 4448 597 4515 m,
619 4448 711 4505 (louet.
734 4451 840 4519 Nuper
862 4467 905 4505 an.
930 4450 1006 4505 1625.
1035 4478 1067 4487 -
1094 4449 1122 4519 2)
1142 4448 1169 4503 S.
1189 4448 1218 4505 (1.
1237 4446 1267 4505 O.
1285 4450 1327 4504 21.
1345 4449 1409 4504 Jnu.
1435 4446 1499 4502 1625

259 4546 319 4585 cum
337 4531 412 4585 autb.
432 4532 534 4587 Urbani
554 4533 637 4598 vnn,
655 4534 773 4589 confirm.
792 4534 826 4589 ab
845 4536 902 4590 eod
918 4536 1010 4590 lnuoo.
1030 4535 1103 4599 111..
1120 4535 1211 4592 Cenat.
1225 4536 1272 4591 cit.
1291 4566 1323 4577 -
1341 4538 1369 4604 3)
1386 4534 1414 4589 S.
1427 4534 1457 4589 C.
1468 4535 1498 4593 C.

259 4614 327 4671 Litt.
347 4617 446 4687 encycl.
464 4616 508 4672 die
527 4620 566 4673 15.
586 4620 648 4675 Deo.
665 4620 732 4675 1663
749 4624 777 4675 at
794 4622 837 4676 23.
856 4621 922 4676 Mor.
942 4621 1017 4676 1697.
