3275 4917
521 310 600 366 Pare
617 311 768 365 secundo:
792 311 836 365 lie
854 313 1069 366 sacramentis.
1354 295 1415 362 251

172 485 253 551 lecto
276 504 380 550 seeum
405 483 566 550 detineant
584 481 651 546 sine
674 482 799 565 capsula
819 484 875 548 aut
896 482 957 548 alio
974 483 1121 567 repagulo
1144 484 1183 547 ad
1205 484 1418 552 suffocationis

173 589 344 674 perieulum
365 588 546 666 vitandum3
576 605 655 671 quae
684 585 845 652 suffocatio
876 587 914 651 ob
935 605 993 652 uon
1017 586 1192 653 adhibitam
1217 591 1418 656 memoratam

171 695 346 761 cautionem
370 695 529 777 paccatum
550 694 599 755 est
622 691 719 757 Nobis
742 694 943 756 reservatum.

279 817 330 883 18.
355 817 492 881 Doceant
514 831 634 899 quoque
657 812 780 878 eosdem
803 817 948 898 parentes
967 833 1059 897 quam
1077 812 1225 880 dedeceat
1240 815 1319 881 lilios
1338 836 1418 883 auno

174 923 305 986 maiores
328 939 431 986 secum
452 918 564 984 habere
587 917 618 980 in
636 917 733 981 cubili
750 917 916 1001 coniugali.
941 920 997 981 aut
1013 936 1121 1000 pueros
1139 919 1273 985 triennio
1289 921 1419 986 maiores

172 1044 243 1091 cum
268 1024 379 1108 puellis
408 1024 440 1087 in
471 1023 578 1088 eodem
608 1022 689 1087 lecto
712 1022 825 1087 cubare
847 1022 885 1087 ob
911 1022 1079 1104 perieulum
1103 1023 1302 1090 castimoniae
1326 1026 1419 1090 amit·

174 1130 298 1197 tendas.

279 1250 329 1316 19.
350 1251 546 1315 admoneant
569 1251 683 1316 matres
706 1249 744 1313 ad
769 1251 924 1333 propriam
945 1250 1123 1316 laetandum
1139 1251 1256 1336 prolem
1273 1272 1291 1318 a
1307 1254 1420 1321 natura

172 1357 240 1440 ipsa
262 1355 428 1421 obstrictas
450 1372 526 1418 esse.
573 1353 660 1434 Quod
684 1353 711 1418 si
732 1353 883 1436 ipsaemet
908 1355 964 1421 boe
989 1374 1123 1434 munere,
1152 1354 1236 1422 iusta
1254 1357 1292 1422 de
1314 1376 1418 1436 censa,

173 1459 261 1544 iungi
286 1462 455 1544 nequeant,
486 1457 638 1523 nutricem
667 1476 726 1521 uon
749 1457 850 1522 solum
875 1458 1025 1536 validam,
1060 1458 1113 1524 sed
1145 1461 1239 1526 etiam
1271 1461 1420 1546 religione

173 1565 325 1630 imbutam
345 1562 483 1647 deligere
506 1564 668 1638 tenentum
692 1562 783 1627 lactis
805 1563 886 1628 euim
912 1562 1048 1646 qualitas
1068 1563 1255 1630 adsalutem
1272 1569 1420 1632 etmores

173 1667 293 1734 confert
314 1667 493 1750 plurimum.

277 1770 329 1836 20.
365 1772 536 1854 Puerperas
558 1771 722 1835 hortentur
746 1772 795 1848 ut,
830 1771 1059 1854 cumprimum
1088 1775 1249 1854 poterunt,
1282 1773 1419 1856 exemplo

175 1875 283 1940 beatae
307 1875 464 1958 Virginis,
497 1893 575 1958 quae
608 1874 786 1939 bumilitate
813 1874 876 1958 legi
899 1875 1122 1957 purificationis
1144 1895 1176 1942 se
1197 1876 1346 1955 subiecit,
1370 1877 1420 1941 cui

175 1982 302 2045 minime
323 1979 454 2045 obnoxia
468 1983 545 2056 erat,
569 1978 732 2044 eeclesiam
749 1979 863 2044 adeant
879 1982 913 2044 ut
930 1980 1184 2058 benedictionem,
1209 1980 1248 2045 ab
1267 1980 1419 2063 antiquis·

174 2085 262 2150 simis
289 2084 481 2169 temporibus
508 2084 703 2160 institutam,
733 2083 898 2166 accipiant.
944 2083 1030 2171 Quae
1053 2085 1179 2169 quidem
1202 2084 1377 2150 benedictio
1401 2103 1420 2150 a

174 2189 297 2254 nemine
317 2192 534 2271 praeterquam
560 2207 579 2252 a
612 2187 744 2270 parocho
775 2188 822 2252 rel
854 2189 891 2251 ab
922 2189 988 2254 eius
1021 2189 1134 2254 vicario
1161 2187 1263 2254 danda
1293 2191 1356 2268 eet,
1389 2191 1421 2254 et

174 2312 294 2376 semper
316 2294 347 2357 in
370 2293 500 2358 ecelesia
520 2292 654 2377 publica.
688 2291 737 2356 dd
759 2291 838 2357 bane
861 2311 930 2358 vero
954 2293 1198 2359 benedictionem
1214 2293 1262 2358 ius
1281 2295 1420 2358 tautum·

174 2398 264 2464 modo
287 2397 405 2462 babent
430 2395 575 2460 mulieres
597 2413 675 2479 quae
698 2414 734 2460 er
755 2396 898 2478 legitimo
920 2397 1119 2462 matrimonio
1142 2398 1326 2480 pepererunt
1336 2399 1371 2480 ¹).

280 2518 332 2584 21.
366 2517 447 2584 Fons
481 2518 585 2581 numm
616 2516 813 2599 baptismalis
843 2517 885 2582 sit
911 2537 977 2582 sera
1010 2519 1042 2583 et
1072 2516 1152 2583 elavi
1184 2517 1277 2600 (quae
1301 2536 1421 2602 semper

178 2640 270 2704 penes
294 2621 442 2704 paroebos
464 2624 602 2702 maneat)
632 2621 859 2696 communitus,
893 2640 928 2688 ae
958 2620 1104 2688 cancellis
1135 2622 1270 2706 undique
1297 2625 1419 2706 septos;

175 2744 268 2809 super
298 2745 368 2791 enm
399 2727 535 2791 emineat
569 2724 691 2810 sculpta
723 2724 772 2790 sel
808 2725 931 2809 depicta
961 2726 1062 2791 sancti
1093 2727 1225 2793 ioannis
1259 2727 1420 2811 Baptistae

173 2829 283 2896 Jesum
308 2829 467 2895 Christum
498 2829 655 2897 abluentis
685 2828 824 2913 eltigies3
855 2831 940 2895 intus
974 2830 1017 2896 eit
1052 2830 1195 2896 decenter
1231 2831 1420 2910 instruetus;

175 2935 260 2999 outre
283 2951 354 2998 vero
377 2952 476 3015 pauno
499 2935 597 3000 serico
619 2933 684 2997 albi
705 2933 816 2999 eoloris
839 2935 997 2999 contectus
1022 2936 1058 2998 ut
1073 2953 1171 3018 nequa
1186 2935 1305 3017 pulveri
1321 2954 1419 3019 neque

174 3038 246 3103 aliis
268 3037 410 3103 sordibus
432 3038 536 3102 aditus
558 3037 609 3102 sit.
642 3037 739 3120 Prope
760 3037 901 3102 eumdem
926 3036 1041 3102 tonum
1059 3057 1188 3121 parvum
1203 3039 1418 3121 repositorium

175 3143 217 3207 sit
238 3141 270 3205 in
293 3160 353 3224 quo
378 3141 502 3208 vascula
517 3145 677 3206 seruentur
692 3141 872 3206 chrismatis
888 3143 920 3206 et
934 3142 993 3207 olei
1010 3142 1319 3218 catechumenorum
1342 3161 1420 3226 quae

174 3247 324 3328 argentea
358 3245 406 3310 vel
436 3244 548 3310 saltem
579 3249 720 3310 stamuea
750 3246 830 3323 sint,
866 3248 897 3308 et
925 3244 1050 3328 quidem
1081 3245 1165 3311 intus
1196 3247 1358 3325 inaurata,
1385 3265 1421 3313 ae

174 3349 331 3434 proprium
355 3349 486 3414 titulum
508 3349 624 3414 litteris
647 3348 827 3415 maiusculis
849 3349 1038 3433 insculptum
1063 3351 1279 3432 praeferentia.
1317 3351 1421 3433 Atque

175 3474 211 3519 ex
233 3453 341 3518 eadem
362 3453 493 3518 materia
508 3453 680 3519 conlectum
696 3454 739 3519 sit
754 3454 896 3520 cochlear
911 3472 971 3536 quo
988 3454 1129 3519 minister
1145 3453 1184 3518 ad
1201 3453 1420 3519 effundendam

175 3576 288 3642 aquam
311 3577 401 3640 super
422 3559 517 3640 caput
536 3557 665 3624 infantis
689 3559 798 3624 utitur.
832 3557 985 3624 Cessator
1009 3561 1113 3623 autem
1134 3577 1173 3623 ue
1194 3559 1269 3624 baec
1292 3578 1373 3642 aqua
1387 3560 1420 3624 in

178 3663 292 3726 iontem
316 3662 441 3726 recidat.
471 3661 578 3744 Quoad
601 3663 744 3728 mantilia
766 3681 846 3746 quae
866 3663 904 3727 ad
925 3662 1055 3728 infantis
1072 3665 1165 3746 eaput
1180 3662 1421 3747 abstergendum

176 3765 374 3844 adhibentur,
398 3785 435 3831 ea
455 3767 487 3832 in
511 3768 674 3851 protanam
697 3787 788 3833 nsum
813 3785 980 3851 numquam
1004 3769 1231 3834 convertantur.

279 3891 332 3955 22.
356 3890 448 3973 Aqua
471 3888 668 3972 baptismalis
688 3890 896 3956 benedicenda
919 3892 968 3954 est
990 3889 1125 3955 Sabbato
1141 3891 1249 3955 sancto
1265 3892 1297 3954 et
1313 3890 1422 3973 vigilia

175 3994 391 4072 Pentecostes‚
420 3994 563 4077 quamvis
587 3995 742 4060 contraria
765 3995 931 4060 invaluerit
954 3992 1158 4070 consuetudo,
1189 4013 1268 4077 quae
1299 3995 1422 4059 omuino

175 4099 344 4164 auferenda
365 4099 464 4183 esti).
511 4099 559 4163 Ad
584 4099 664 4163 banc
686 4117 757 4164 vero
781 4098 1025 4164 benedictionem
1055 4097 1231 4162 adhibenda
1259 4100 1332 4163 sunt
1354 4099 1422 4163 olea

175 4202 216 4268 ab
239 4203 390 4286 Episcopo
413 4205 592 4269 consecrata
613 4200 693 4268 feria
718 4203 745 4269 V
766 4203 799 4268 in
824 4203 926 4270 (loona
950 4201 1083 4268 Domini.
1114 4203 1291 4285 Antequam
1316 4204 1420 4268 numm

176 4307 282 4371 eadem
304 4307 466 4372 benedicto
488 4306 660 4385 inchoetur,
683 4311 772 4373 vetus
794 4326 877 4391 aqua
897 4307 930 4372 in
952 4306 1123 4372 sacrarium
1146 4306 1348 4372 immittatur.

279 4497 306 4565 1)
326 4497 353 4552 Β.
370 4497 404 4552 a
422 4497 451 4554 C.
469 4497 512 4554 die
529 4499 571 4554 18.
589 4499 653 4555 Jnn.
668 4498 745 4553 1859.
760 4526 794 4537 -
808 4498 837 4566 2)
856 4498 881 4554 Β.
894 4499 927 4554 Β.
942 4497 971 4554 C.
989 4498 1022 4554 In
1033 4514 1087 4553 uua
1098 4497 1206 4554 Lucana
1218 4495 1263 4554 die
1277 4495 1318 4551 12.
1338 4497 1424 4567 april.

176 4583 252 4726 ἓξὲξ,
270 4587 299 4639 et
316 4585 349 4640 ln
367 4601 420 4641 una
439 4584 612 4642 Urbivetana
627 4585 670 4641 die
685 4587 710 4642 7.
726 4585 791 4642 Deo
809 4583 876 4640 1844
893 4587 978 4654 atque
995 4584 1023 4641 in
1041 4585 1096 4640 alia
1113 4583 1194 4640 deuia
1212 4583 1254 4640 die
1274 4585 1314 4640 13.
1333 4585 1420 4655 April.

1253 4756 1319 4824 17*
