3275 4917
276 302 474 358 Nurviioturc
500 301 680 357 Viennensis
699 301 736 356 de
755 300 873 356 torreto
891 302 984 371 cipro
1002 302 1080 354 clere·
1098 299 1321 354 Buritanorum.
1360 281 1425 348 285

287 475 317 540 2.
354 474 417 540 Nos
440 474 594 538 Antonius
616 473 770 560 Agliardi.

287 597 346 662 Dei
376 596 408 662 et
440 596 634 680 spostolicae
663 595 752 662 Sedis
781 595 885 680 gratia
915 592 1172 678 archiepiscopus
1207 596 1424 677 Caesariensis,

183 701 263 785 apud
286 719 404 767 sacram
429 719 604 766 caesaream
627 700 798 784 attegiam
823 699 1022 764 Maiestatem
1042 700 1253 782 apostolicam
1277 721 1347 767 cnm
1371 719 1425 785 po·

182 806 299 870 testate
320 805 417 890 legati
440 804 478 869 de
500 805 597 870 latero
620 805 757 870 Nuntius
780 803 963 871 Ordinarins
990 805 1050 872 etc.
1073 806 1132 872 etc.
1163 804 1241 870 Cnm
1264 806 1300 871 R.
1325 807 1361 873 P.
1388 806 1424 874 D.

183 908 331 976 Silvester
354 908 589 974 Sembratovvicz
612 908 870 991 Archiepiscopus
895 908 1107 973 Rothenorum
1126 909 1330 991 Leopoiiensis
1350 929 1425 992 snp-

184 1014 277 1096 plices
292 1032 404 1097 proces,
422 1014 543 1078 nomine
558 1032 677 1098 quoqne
693 1013 823 1078 aliorum
842 1013 1176 1078 Reverendissimoram
1192 1013 1424 1081 Ordinariornm

186 1117 364 1184 Provinciae
386 1136 469 1196 surae,
497 1118 721 1183 Premisiiensis
745 1135 852 1200 nempe
875 1118 907 1182 et
930 1116 1232 1200 Stanisiaopoliensis
1254 1118 1352 1185 Nobis
1374 1137 1426 1182 ex-

185 1222 338 1301 hibuerit,
370 1222 406 1286 ut
436 1220 473 1286 ad
499 1221 742 1286 nniiornritaiem
765 1223 796 1284 iu
816 1223 884 1286 tota
908 1221 1068 1286 Provincia
1090 1221 1306 1302 obtinendam,
1337 1222 1425 1287 firmo

185 1327 362 1391 remanente
377 1323 503 1408 speciali
521 1325 650 1391 Decreta
673 1325 734 1389 diei
758 1324 794 1389 ll
814 1343 879 1408 apr.
898 1325 980 1390 1894
998 1325 1038 1392 N.
1056 1327 1119 1389 892
1143 1326 1302 1390 universus
1325 1327 1425 1391 clarus

185 1423 363 1494 Provinciae
387 1429 612 1494 ecclesiasticae
632 1428 839 1511 Leopoiiensis
862 1428 1118 1513 graeco-rutheni
1139 1429 1216 1493 ritus
1231 1429 1264 1494 in
1281 1430 1426 1495 ecciesia-

183 1534 271 1600 sticis
293 1533 503 1599 functionibus
534 1535 579 1597 uti
611 1532 711 1598 valeat
740 1533 855 1597 birreto
886 1533 966 1615 nigri
990 1532 1120 1610 coloris,
1150 1533 1286 1616 ejusdem
1311 1534 1426 1600 formae

184 1656 221 1704 ac
245 1657 299 1721 pro
321 1639 474 1703 canonicis
491 1637 692 1702 constitutum
712 1639 767 1713 esi,
787 1636 1010 1719 eliquatamen
1027 1637 1269 1701 distinctionem
1287 1637 1425 1721 ejusdem

185 1742 292 1807 birreti
316 1742 438 1806 nvodulo
460 1761 479 1804 a
500 1741 534 1805 ii.
559 1741 592 1806 P.
618 1741 654 1806 D.
681 1740 879 1822 Metropolita
902 1739 1137 1805 determinanda
1168 1761 1221 1823 pro
1248 1741 1372 1806 decanis
1394 1746 1426 1807 et

184 1845 368 1912 consiliariis
391 1844 606 1922 Ordinatnum
633 1844 696 1908 Nos
717 1843 870 1908 desiderio
894 1844 1023 1909 Petrum
1048 1845 1278 1909 Venerabiiium
1300 1845 1426 1928 Episco-

186 1968 293 2033 pornm
326 1949 357 2013 in
388 1949 538 2031 quantum
566 1967 728 2031 possumus
752 1947 932 2013 satisfacere
957 1949 987 2012 in
1011 1947 1142 2013 Domino
1163 1949 1298 2014 volentes
1321 1968 1425 2014 eorum

186 2073 290 2138 preces
311 2053 441 2119 libenter
463 2051 630 2134 excipimus
658 2054 690 2116 et
711 2070 765 2135 per
788 2071 931 2134 praesens
952 2052 1108 2117 decretum
1131 2051 1313 2118 facultatem
1336 2072 1425 2136 expe·

184 2159 278 2224 titam
301 2160 453 2240 potestate
477 2177 495 2221 a
519 2155 549 2224 S.
573 2157 650 2221 Sede
675 2155 773 2222 Nobis
795 2154 940 2240 delegata
964 2156 1158 2222 concedimus
1174 2159 1205 2222 et
1221 2157 1251 2220 in
1268 2159 1425 2240 posterum

186 2262 340 2330 observari
359 2262 513 2348 jubemus.

289 2384 407 2452 Datum
431 2383 568 2450 Viennae
589 2381 638 2448 die
661 2384 702 2446 23
725 2382 831 2447 martii
856 2382 950 2446 1895.

341 2525 374 2592 L.
397 2521 429 2589 S.
599 2521 758 2588 Antonius
780 2519 1038 2605 archiepiscopus
1061 2520 1268 2587 Caesariensis
1291 2541 1330 2587 m.
1351 2543 1381 2606 p.
