3275 4917
288 240 352 307 440
537 254 679 327 synodus
700 228 901 315 monmorde
920 262 950 313 et
971 250 1137 315 marcesco
1151 275 1180 313 ru
1199 253 1284 315 1892.

289 432 462 517 aliquorum
487 432 680 515 peccatorum
703 428 825 495 viuculo
847 430 947 497 Nobis
976 430 1209 508 reservandam,
1239 450 1369 516 quornm
1398 431 1549 497 indicem

289 537 340 601 hic
362 535 559 613 subiicimuu,
583 535 693 620 cuique
715 552 801 601 sacro
825 534 1032 619 poenitentiae
1053 535 1203 602 tribunali
1227 536 1438 621 affigendum
1464 542 1551 603 sunt

289 646 394 707 auteur
416 641 607 725 sequuntur:

391 745 427 829 o)
450 742 660 810 Homicidium
671 742 878 810 uoluntarium
893 746 1115 828 perpetratum,
1127 744 1224 811 etiam
1235 746 1336 830 quoad
1349 745 1548 811 mundantes

288 855 321 917 et
342 849 555 925 consulentem

392 955 427 1038 b)
448 951 616 1019 Sullocatio
640 952 768 1018 infantis
796 971 875 1018 anno
905 953 1026 1036 expleto
1057 953 1185 1019 minoris
1215 953 1254 1020 ob
1284 954 1438 1021 incuriam
1469 955 1546 1019 eins

288 1056 481 1125 custodiendi
505 1057 535 1121 iu
559 1056 640 1122 lecto
664 1056 816 1140 praesidio
838 1057 983 1141 capsulae
1003 1060 1060 1122 out
1081 1057 1195 1123 similis
1216 1059 1376 1142 repaguli3

392 1164 425 1248 c)
448 1160 566 1244 Copula
594 1160 747 1244 completa
773 1179 845 1226 cum
874 1161 1111 1245 consanguineis
1143 1161 1309 1246 inprime
1338 1164 1371 1227 et
1398 1161 1544 1227 secundo

289 1266 398 1352 gradu
422 1267 453 1330 et
475 1264 621 1331 affinibus
645 1264 676 1329 in
701 1266 799 1348 primo
823 1265 922 1349 gradu
944 1266 1045 1349 quoad
1067 1265 1220 1332 masculos
1242 1268 1385 1343 tautum

322 1451 325 1457 Ι
391 1371 430 1455 d)
453 1369 625 1435 Periurium
647 1368 680 1433 in
703 1368 818 1435 iudicio
841 1371 907 1436 tum
929 1369 1148 1447 ecclesiastico,
1172 1372 1243 1436 tum
1256 1370 1339 1437 cirili
1355 1388 1426 1435 cum
1443 1371 1539 1453 gravi

289 1476 417 1541 alterius
438 1474 570 1550 dumnoc

390 1582 422 1665 e)
448 1578 564 1644 Dilatio
586 1576 774 1643 executionis
797 1578 915 1661 piamm
940 1578 1134 1644 nolunt-atum
1166 1578 1364 1663 culpabiliter
1385 1578 1472 1643 tacta
1492 1578 1538 1644 alr

289 1672 482 1761 haeredibus,
504 1681 666 1767 legatariis
690 1682 737 1748 rel
760 1682 973 1748 executoribus
996 1682 1079 1749 ultra
1094 1701 1211 1749 aunum
1226 1702 1245 1747 a
1259 1682 1311 1748 die
1329 1682 1539 1749 haereditatis

289 1790 336 1854 rel
359 1787 456 1874 legati
479 1785 604 1870 pacifice
629 1786 869 1871 acquisitorum
893 1787 951 1853 eut
971 1804 1032 1869 quo
1046 1805 1120 1853 casu
1133 1786 1420 1871 comprehendimus
1433 1786 1536 1851 ctiam

287 1893 423 1959 notarios
450 1890 503 1975 qut
534 1894 605 1955 eota
637 1889 833 1957 condiderint
853 1894 948 1974 atque
969 1890 1094 1956 easdem
1114 1892 1182 1974 piae
1202 1891 1381 1958 voluntate
1401 1890 1536 1956 Cancel-

289 1998 383 2063 lcriae
405 1998 527 2061 nostrae
550 1996 604 2060 cut
627 1995 723 2060 Nobis
751 1995 836 2061 ultra
864 2014 980 2060 annum
1010 2013 1029 2060 a
1060 1995 1110 2061 die
1139 1996 1261 2074 obitus,
1290 1995 1536 2079 disponentium,

287 2102 313 2166 ei
335 2102 399 2166 siut
419 2098 530 2165 mortis
552 2117 653 2177 causa,
678 2098 890 2183 stipulationis
909 2116 990 2177 nero,
1013 2100 1039 2164 ei
1060 2101 1124 2165 sint
1146 2100 1320 2167 exactibus
1335 2100 1419 2165 inter
1434 2100 1533 2176 rinos,

288 2205 446 2272 notificare
468 2202 667 2279 distulerint3
689 2222 725 2269 oc
748 2204 843 2269 etiam
868 2204 1016 2287 parochos
1037 2206 1071 2269 et
1092 2204 1170 2270 alios
1191 2204 1366 2271 sacerdotes
1387 2204 1441 2287 qui
1457 2203 1535 2268 illae

287 2307 540 2393 conscripserint,
573 2309 622 2374 rel
651 2309 794 2375 oretenus
815 2327 917 2374 coram
942 2308 1074 2375 testibus
1096 2310 1285 2392 receperint,
1315 2312 1349 2375 et
1370 2307 1537 2375 notificare

288 2416 372 2481 ultra
395 2432 509 2480 annum
534 2412 735 2498 neglexerint.

391 2519 442 2585 25.
468 2516 613 2584 lucidant
638 2519 741 2583 autern
764 2518 795 2582 iu
818 2516 1164 2583 excommunicationem
1185 2516 1284 2584 Nobis
1306 2519 1496 2584 rmerrutam

389 2623 426 2706 c)
464 2622 612 2687 Personae
643 2622 787 2687 externae
820 2622 1029 2705 colloquentes
1067 2641 1138 2689 cum
1176 2621 1364 2688 monialibus
1398 2621 1535 2705 aliisque

289 2726 430 2793 foeminis
455 2726 486 2791 iu
510 2724 705 2790 monasteriis
728 2724 823 2791 vitam
844 2726 1027 2810 agentibus,
1058 2726 1097 2792 de
1125 2727 1215 2792 rebus
1244 2727 1389 2810 turpibus
1412 2726 1460 2814 rel
1485 2726 1536 2790 iu·

289 2830 434 2908 nonestis,
457 2830 513 2895 unt
535 2828 572 2895 ed
596 2828 718 2895 easdem
742 2829 909 2895 amatorius
929 2831 1049 2897 litteras
1073 2832 1243 2910 mittentes,
1265 2850 1303 2897 ac
1323 2833 1458 2897 scienter
1473 2830 1536 2893 de-

288 2936 437 3013 ferentem
462 2934 620 3018 multoque
642 2934 743 3017 magis
765 2953 835 2999 cum
855 2934 970 3001 eisdem
993 2937 1099 3019 turpia
1121 2937 1351 3019 perpetrantes,

390 3041 425 3124 d)
444 3038 673 3106 constituentes
695 3037 814 3104 clericis
837 3037 945 3105 lictum
966 3039 1204 3123 patrimonium,
1234 3039 1358 3105 etiamsi
1389 3039 1429 3105 de
1451 3042 1537 3103 reris

287 3146 374 3209 leonia
396 3144 612 3220 constituatur,
635 3143 688 3208 sod
712 3144 815 3208 enimc
839 3143 919 3208 nihil
941 3142 979 3208 de
1001 3143 1123 3227 proprio
1144 3144 1256 3222 clandi3

390 3247 420 3331 c)
445 3246 504 3330 Qui
527 3249 634 3312 notum
666 3246 725 3312 sibi
754 3246 1010 3331 impedimentum
1034 3249 1223 3315 matrimonii
1253 3248 1286 3313 in
1316 3249 1450 3314 ecclesia
1476 3249 1535 3313 de·

288 3352 423 3419 nuntiati
444 3350 579 3417 revelare
602 3351 765 3417 noluerint.

391 3457 442 3521 26.
466 3454 640 3521 Statuimus
664 3458 779 3532 autem,
803 3455 1028 3521 reservatioues
1051 3474 1129 3539 quus
1149 3456 1181 3523 tu
1205 3459 1336 3541 utroque
1355 3456 1459 3522 indice
1483 3478 1534 3521 re-

287 3560 475 3642 censuimus,
496 3578 556 3625 non
581 3559 732 3643 respicere

391 3665 428 3749 o)
452 3665 566 3729 Pueros
588 3666 620 3729 et
643 3662 759 3746 puellas
782 3665 856 3729 ante
877 3663 1194 3749 decimumquartum
1210 3665 1398 3750 completum
1414 3666 1533 3730 aetatis

287 3787 420 3848 auruum,
449 3768 590 3852 quamvis
617 3769 687 3852 post
717 3769 796 3833 hauc
818 3771 951 3833 aetatem
975 3768 1183 3835 confiteantur
1205 3768 1323 3835 crimen
1342 3772 1435 3835 antea
1457 3789 1529 3852 per·

287 3874 463 3956 petrntom;

388 3977 424 4062 b)
445 3975 646 4045 Gouriventee
667 3976 699 4041 iu
720 3976 900 4063 gpnecocis,
926 3976 1124 4042 xenodochiis
1145 3976 1276 4062 aliisque
1298 3976 1448 4043 eiusmodi
1470 3977 1528 4042 do·

286 4082 389 4147 mitus
418 4080 449 4145 in
479 4080 592 4164 quibus
624 4079 844 4147 confessarium
876 4098 1101 4164 quemcumque
1134 4082 1250 4166 ubsque
1282 4080 1412 4147 licentia
1442 4081 1530 4147 adire

287 4187 458 4269 noqueunt;
481 4186 556 4250 item
580 4204 701 4252 ccrcere
723 4185 865 4263 clausoe;

390 4291 424 4375 c)
446 4291 597 4373 Aegrotos
619 4290 748 4376 quitus,
771 4289 832 4356 etei
853 4288 1025 4355 denotionis
1044 4308 1139 4356 causa
1160 4292 1301 4371 tautum,
1330 4290 1530 4358 Eucharistia

287 4392 533 4459 administranda
555 4394 616 4471 sit3

391 4497 429 4576 d)
451 4494 584 4579 Spoueos
605 4497 783 4580 nuptiarum
807 4497 858 4561 die
881 4498 913 4562 et
935 4497 1030 4562 etiam
1054 4497 1104 4563 die
1125 4500 1250 4581 nuptias
1272 4499 1493 4582 praecedente;

391 4598 423 4682 c)
446 4598 520 4663 lllos
542 4600 594 4683 qui
614 4618 650 4665 ex
672 4602 760 4684 gravi
780 4601 891 4666 timore
911 4602 1027 4667 crimen
1054 4604 1244 4669 reservatum
1266 4603 1530 4687 perpetraverint,
