3275 4917
249 272 314 338 244
500 291 642 363 Spuodor
663 295 865 351 Pisiorlcnsls
883 299 913 350 cl
934 294 1093 350 Pratcnsts
1111 311 1142 350 a.
1160 293 1240 350 1892.

246 465 430 530 necessitate
450 469 618 548 cogantur,
651 471 686 532 ut
707 467 838 551 exempli
859 467 978 552 gratia,
1009 466 1048 532 ad
1072 466 1282 550 percipiendas
1305 467 1429 552 iunges,
1454 487 1490 535 ue

244 567 344 632 imbre
374 571 421 634 rel
455 571 604 655 grandine
637 573 684 637 uel
719 571 782 637 alia
816 573 980 656 ingruente
1010 574 1195 655 tempestate
1225 573 1400 646 vastentur,
1433 590 1486 655 pa·

246 673 349 752 rochi,
378 676 505 757 cognita
527 695 564 741 ac
588 680 748 760 perspecte
770 677 854 740 iusta
877 695 985 752 cansa,
1017 675 1081 740 illis
1104 675 1262 740 licentiam
1288 695 1340 760 pru
1360 695 1416 740 sno
1438 695 1488 740 ar·

245 775 338 841 bitrio
360 783 392 842 et
414 779 601 844 conscientia
624 780 788 846 concedere
809 782 947 862 possunt,
970 799 1091 864 semper
1107 783 1211 844 tamen
1232 782 1287 844 hac
1303 780 1488 855 conditione,

246 884 281 944 ut
304 884 356 964 qui
381 882 555 948 huiusmodi
578 885 735 969 assequuti
757 884 872 950 suerint
894 884 1062 960 licentiam,
1085 883 1195 948 saltem
1224 881 1318 948 Sacro
1345 884 1488 949 assistere

245 1004 304 1048 non
327 987 485 1064 omittant,
506 1007 602 1071 euque
625 994 762 1071 tompore
785 988 949 1054 servilibus
973 989 1115 1072 operibus
1141 1007 1197 1052 uun
1215 987 1404 1064 incumbant,
1429 1007 1488 1071 quo

245 1087 277 1152 in
300 1090 430 1154 ecclesia
452 1094 620 1175 parochiali
645 1092 750 1159 divina
771 1095 963 1177 peraguntur
979 1091 1090 1160 cilicia.
1116 1093 1295 1176 Numquam
1312 1112 1381 1157 uero
1397 1093 1487 1168 banc,

244 1191 282 1256 de
305 1214 366 1276 qua
389 1196 553 1279 loquimur,
576 1197 650 1263 deut
674 1198 830 1263 licentiam
856 1197 913 1262 tuti
938 1197 1048 1279 populu
1072 1197 1118 1263 rel
1142 1197 1369 1262 communitati.

348 1317 378 1383 9.
410 1319 531 1384 Fideles
559 1321 616 1385 sub
648 1321 734 1404 grani
763 1321 876 1385 Missae
899 1318 1050 1384 sacrificiu
1074 1318 1221 1384 interesse
1244 1319 1358 1384 debent
1379 1319 1487 1383 diebus

245 1419 350 1498 iestis,
385 1423 443 1487 uisi
471 1425 555 1489 iusta
583 1425 620 1490 de
650 1445 744 1490 causa
773 1444 807 1490 ex
832 1425 890 1488 hac
914 1424 1103 1506 obligatione
1128 1425 1311 1488 eximantur.
1359 1423 1487 1488 Peroehi

244 1523 351 1607 itaque
370 1545 421 1590 eos
442 1528 592 1594 edoceant
613 1529 764 1611 quomodo
787 1529 886 1593 eidem
911 1531 1054 1594 assistere
1075 1529 1209 1594 debeant
1225 1531 1258 1592 ut
1277 1530 1332 1592 hoc
1347 1530 1486 1593 serretur

245 1634 439 1712 pracceptum
457 1635 488 1696 et
500 1634 684 1718 frequenter.
700 1634 737 1699 de
753 1635 818 1698 eius
836 1633 1033 1697 inenarrabili
1049 1633 1240 1715 praestantia
1257 1633 1353 1714 deque
1370 1632 1487 1697 saluta·

245 1733 330 1798 ribus
353 1734 621 1822 ineffabilibusque
644 1739 803 1804 effectibus
828 1739 920 1802 verba
947 1738 1073 1804 iaciant.

352 1859 399 1924 10.
423 1860 500 1923 llum
525 1879 594 1924 vero
614 1863 745 1926 cessatio
765 1862 803 1924 ab
827 1859 969 1942 operibns
993 1859 1157 1925 seruilibus
1180 1877 1238 1922 nou
1262 1858 1304 1920 sit
1326 1857 1426 1922 edicta
1451 1862 1486 1922 ut

245 1959 307 2025 otio
330 1961 562 2046 indulgeamus,
597 1965 720 2047 parochi
751 1970 783 2029 et
813 1965 1042 2030 concionatores
1071 1963 1179 2027 curent
1209 1964 1245 2027 ut
1268 1961 1376 2024 diebus
1401 1962 1488 2025 lestis

245 2063 350 2129 iideles
374 2085 431 2131 nou
454 2068 552 2132 solnm
580 2069 707 2133 Missam
730 2068 877 2146 audiant,
908 2068 960 2134 sed
991 2067 1086 2132 etiam
1110 2066 1226 2130 assidui
1250 2065 1314 2130 siut
1338 2068 1369 2129 iu
1393 2065 1488 2131 sacris

244 2168 463 2246 iunctionibus,
487 2171 642 2255 sacrisque
662 2171 916 2238 instructionibus
933 2171 1086 2248 intersint,
1110 2170 1148 2235 ad
1165 2169 1375 2247 Sacramenta,
1400 2189 1485 2252 prae·

245 2273 350 2336 sertim
366 2273 602 2340 solemnioribus
618 2277 715 2353 testis,
739 2276 849 2341 deuote
865 2277 1023 2352 accedant,
1045 2277 1188 2358 aegrotus
1206 2273 1343 2350 visitent,
1366 2273 1488 2357 aliaque

244 2376 402 2458 religionis
424 2380 456 2443 et
479 2379 606 2461 pietatis
628 2381 741 2445 obeant
762 2399 865 2463 opera.

352 2499 400 2564 ll.
429 2499 487 2565 Sed
516 2502 658 2584 quoniam
680 2502 718 2566 ad
740 2502 807 2568 dies
832 2503 895 2567 Deo
918 2503 1110 2567 consecratos
1134 2499 1371 2566 sanctificandus
1395 2499 1486 2563 rehe-

246 2603 379 2667 meutius
399 2605 573 2670 excitantur
596 2605 700 2672 fideles
723 2625 880 2672 sacrorum
903 2607 1112 2673 ministrorum
1136 2604 1283 2688 exemplo,
1314 2622 1407 2688 qnam
1431 2603 1484 2667 ad-

246 2705 472 2772 hortationibus
495 2713 526 2774 et
550 2711 825 2793 praeceptionibus,
849 2710 971 2776 eusdem
997 2709 1142 2792 parochos
1163 2709 1356 2774 obtestamur
1378 2707 1410 2771 in
1428 2706 1488 2770 Do·

245 2810 328 2875 mino
351 2814 386 2876 nt
410 2815 589 2896 praesertim
611 2816 705 2879 sacris
728 2815 838 2880 diebus
860 2815 892 2880 iu
913 2815 1019 2880 divino
1042 2815 1128 2879 cultu
1153 2813 1326 2897 peragendo
1349 2812 1483 2896 diligen-

245 2914 364 2980 tissime
387 2916 459 2982 sint.

350 3037 400 3102 12.
431 3039 474 3105 Ut
500 3043 603 3106 autem
628 3041 735 3106 lideles
755 3040 925 3106 Ecclesiam
949 3040 1096 3105 libentius
1120 3040 1316 3123 frequentent
1338 3041 1370 3104 et
1392 3039 1488 3102 saeris

245 3140 453 3208 functionibus
474 3146 589 3210 maiore
612 3146 760 3211 assistant
782 3145 954 3215 devotione.
978 3145 1162 3222 sacerdotes,
1188 3162 1248 3226 qua
1272 3163 1327 3226 par
1345 3146 1393 3207 est
1416 3161 1487 3224 gra·

246 3245 342 3310 ritate
365 3250 396 3311 et
423 3251 594 3314 reuerentia
615 3269 666 3314 eas
688 3251 848 3332 peragant,
871 3253 904 3314 et
927 3252 1035 3315 curent
1058 3267 1094 3314 ue
1119 3246 1211 3312 nimis
1233 3247 1418 3330 protrahant
1434 3265 1489 3311 nec

244 3352 428 3416 contrahant
450 3353 552 3417 nimis.
595 3353 681 3435 Quae
711 3352 836 3436 quidem
868 3352 1041 3417 fonctiones
1070 3353 1162 3418 etatis
1191 3352 1272 3417 horis
1296 3371 1416 3434 semper
1440 3351 1487 3416 iu·

244 3454 395 3519 cboeutur
417 3458 449 3520 et
471 3458 670 3540 peragantur.

353 3579 399 3642 13.
434 3576 483 3641 Ne
513 3578 592 3642 sorte
620 3580 726 3642 auteur
754 3577 876 3642 accidat
908 3579 944 3641 ut
973 3576 1080 3644 fideles
1107 3597 1161 3661 per
1196 3577 1391 3642 inscientiam
1421 3576 1488 3642 dies

244 3677 338 3743 festos
362 3681 488 3745 minime
510 3681 683 3756 observent,
707 3682 911 3763 praecipimus
934 3682 970 3747 ut
992 3681 1166 3746 animarum
1183 3685 1339 3747 curatores
1356 3681 1488 3766 siugulis

247 3783 431 3863 Dominicis,
466 3789 498 3849 et
529 3784 653 3868 quidem
684 3785 765 3851 iuter
795 3785 961 3851 Missurum
997 3785 1161 3862 solemnia,
1198 3786 1307 3870 populo
1340 3787 1488 3869 cuiusque

246 3887 454 3954 hebdomadae
476 3889 556 3956 testa
579 3891 772 3958 denuntient.

350 4002 399 4068 14.
430 4002 491 4068 Hic
513 4023 582 4068 reru
613 4003 917 4069 animadvertendum
942 4008 1006 4081 est,
1035 4008 1210 4070 sauctorum
1243 4003 1431 4069 Titulnrium
1456 4005 1488 4066 et

246 4107 446 4173 Patrouorum
472 4108 550 4172 testa
572 4127 665 4192 quam
687 4109 819 4172 maxima
839 4108 986 4191 religione
1007 4112 1039 4173 et
1064 4108 1196 4190 pietate,
1228 4127 1324 4192 eaque
1355 4125 1485 4191 semper,

244 4211 274 4274 iu
298 4229 368 4293 qam
391 4211 531 4276 incidunt
553 4211 603 4276 die
625 4211 807 4276 celebranda
829 4230 916 4288 esse;
948 4215 1042 4295 atque
1073 4211 1309 4277 celebrationem
1341 4210 1488 4277 solemnis

245 4312 360 4378 Missae
387 4315 511 4379 Patroni
534 4316 712 4399 principalis
735 4335 753 4380 a
775 4316 825 4380 die
848 4317 878 4379 iu
903 4335 996 4400 qnam
1018 4317 1132 4382 lustum
1162 4317 1288 4392 incidit,
1322 4315 1360 4380 ad
1393 4315 1487 4380 aliam

244 4417 335 4495 diem,
358 4419 499 4501 quamuis
523 4419 643 4496 festam,
669 4421 829 4485 transterri
854 4439 912 4484 uun
937 4439 1035 4504 posse.

350 4532 398 4595 15.
429 4530 516 4611 Quod
546 4533 583 4596 ad
607 4532 755 4597 ieiunium
783 4533 914 4611 attinet,
943 4535 1042 4616 ipsum
1066 4533 1105 4596 ad
1129 4534 1321 4598 sanctitatim
1347 4531 1483 4597 fidelium

243 4634 415 4714 augendam
440 4635 559 4699 confert
582 4637 764 4718 plurimum
798 4637 874 4701 vitia
896 4639 978 4701 enim
1006 4637 1191 4720 comprimit,
1218 4642 1349 4702 uirentem
1374 4637 1487 4718 eleuet,
