3275 4917
831 827 907 910 xit.

244 993 403 1096 tmolus
438 994 657 1075 bioeeesma
691 992 916 1074 Pistoriensis
949 995 985 1074 el
1014 991 1195 1074 iruniensis
1229 993 1488 1075 stituerunt

245 1115 457 1196 reverendis.
482 1115 518 1194 u.
539 1113 574 1195 u.
598 1113 762 1195 llarceito
784 1113 957 1195 llacenlio
979 1114 1145 1216 episcopo
1168 1112 1428 1196 pistoriensium
1452 1117 1487 1195 el

293 1236 509 1318 tralensium
537 1235 658 1316 habita
683 1257 717 1318 a
741 1235 835 1316 1892
861 1234 983 1316 diebus
1011 1234 1072 1331 12,
1097 1233 1157 1329 lt,
1184 1233 1236 1316 14.
1264 1233 1433 1317 octubris

620 1409 687 1479 (cn.
708 1413 820 1466 Archiv
839 1408 938 1466 uxxl.
956 1409 1008 1465 239
1027 1409 1107 1480 sqq).

244 1569 396 1636 dilectio
419 1568 531 1634 dubito
553 1568 593 1634 ab
615 1567 731 1633 illastr.
755 1572 783 1631 ct
802 1567 990 1634 reverendis.
1017 1565 1058 1632 D.
1083 1566 1126 1633 D.
1153 1566 1306 1650 Episcopo
1325 1568 1361 1632 in
1376 1567 1485 1650 prime

724 1671 841 1756 synodi
862 1673 1010 1739 sossium.

349 1860 356 1875 .
382 1863 389 1877 .
413 1863 420 1877 .
447 1809 609 1875 Neminem
636 1812 772 1874 nestrum
797 1809 874 1876 latet
898 1811 976 1875 hanc
1004 1808 1172 1876 Diocaesim
1204 1827 1317 1892 magua
1340 1809 1485 1875 allectam

244 1914 339 1980 fuisse
363 1914 534 2000 ignominia
556 1915 595 1979 ob
618 1913 784 1998 Synodum,
810 1914 859 1978 uel
882 1915 993 1997 potius,
1018 1915 1053 1979 ut
1075 1914 1196 1978 nomine
1216 1913 1405 1996 appellemus
1421 1932 1486 1992 suo,

244 2018 482 2085 conciliabulum
511 2017 592 2102 qnod
620 2017 722 2100 coegit
752 2016 855 2100 Scipio
885 2017 922 2082 de
955 2017 1065 2083 Riocis.
1120 2017 1226 2082 Plures
1249 2017 1384 2082 enimin
1408 2017 1487 2083 hane

245 2123 420 2188 inciderunt
434 2121 618 2205 opinionem,
641 2121 839 2204 pistorienses
855 2121 1018 2200 erroribus,
1041 2121 1218 2204 praesertim
1241 2121 1317 2198 Boii,
1340 2121 1486 2200 Ianseuii,

245 2227 400 2308 Quosnelli
425 2229 457 2290 et
480 2226 640 2304 Febronii,
672 2244 748 2309 quos
771 2225 847 2289 illud
873 2225 1111 2291 conciliabulum
1137 2226 1348 2302 reuocauerat,
1379 2225 1487 2292 exinde

244 2332 422 2416 inquinatos
445 2331 549 2397 luisse.
595 2329 681 2411 Quae
704 2329 807 2414 opinio
831 2329 981 2414 hodieque
1011 2330 1098 2394 teuet
1128 2329 1260 2407 multoe,
1295 2349 1350 2394 nee
1382 2349 1486 2396 rarum

245 2440 294 2503 est
316 2436 440 2514 audire,
463 2435 516 2519 qui
539 2437 683 2518 reputent
704 2434 890 2502 iansenistas
914 2438 944 2500 el
968 2434 1164 2518 pistorienses
1188 2433 1250 2499 lere
1271 2436 1488 2518 cognominata

245 2559 310 2605 esse
333 2540 444 2618 narba,
473 2543 528 2606 aot
559 2538 670 2604 sallem
701 2539 731 2602 in
761 2540 818 2603 hac
849 2539 988 2606 Dioeeeei
1019 2558 1079 2605 non
1109 2557 1218 2622 paruas
1239 2557 1397 2621 superesse
1420 2539 1488 2604 ian·

243 2645 369 2709 senismi
392 2645 556 2729 reliquias3
588 2643 716 2726 ideoque
746 2645 834 2708 atrox
864 2644 1022 2727 negotium
1054 2662 1120 2708 esse
1150 2663 1218 2708 earn
1242 2661 1349 2726 regere
1372 2647 1405 2708 et
1428 2662 1485 2726 gu·

244 2749 382 2814 bernero.
425 2747 485 2812 Sed
507 2749 584 2811 baec
607 2765 730 2830 prorsus
752 2747 831 2811 lalsa
854 2767 920 2814 esse
942 2748 1071 2832 quisque
1095 2747 1230 2824 noverit,
1255 2747 1307 2830 qui
1329 2747 1486 2831 cognitam

244 2856 277 2918 et
298 2855 489 2936 perspectam
514 2852 627 2916 babeat
650 2850 821 2917 historiam.
854 2851 926 2934 Ipsa
944 2851 1026 2917 euim
1049 2852 1185 2917 testatur
1201 2870 1313 2936 pravas
1329 2851 1487 2917 doctrinas

245 2958 356 3042 quihus
384 2954 630 3042 pseudosynodus
664 2953 807 3020 lticoiana
839 2955 953 3021 referta
982 2957 1046 3032 est,
1079 2956 1118 3020 ab
1149 2941 1348 3040 alienigenis,
1382 2955 1489 3040 quales

245 3063 370 3128 inerunt
392 3061 491 3145 Scipio
514 3063 578 3144 ipse
605 3060 643 3126 de
667 3060 787 3136 Riocis,
818 3059 1053 3132 Tamburiuiue‚
1086 3059 1269 3138 innuimus,
1303 3059 1488 3126 Palmierius

245 3167 358 3251 aliique
381 3167 517 3231 eiusdem
543 3164 669 3230 furfuris
699 3163 802 3250 (pares
822 3165 924 3244 euim,
950 3165 1044 3231 ueteri
1070 3165 1247 3249 prouerbio,
1270 3165 1488 3247 comparibus

244 3270 394 3337 facillime
415 3272 666 3354 congregantur),
692 3271 752 3335 bue
775 3270 897 3336 delatas
921 3270 1033 3346 tuiase;
1058 3270 1173 3335 olerum
1199 3271 1303 3335 autem
1324 3269 1489 3352 pistorien·

244 3393 308 3442 sem
334 3378 439 3458 aperte
462 3374 658 3440 novatoribus
682 3391 740 3438 non
761 3373 914 3439 restitisse
946 3393 1018 3459 prae
1046 3374 1157 3439 timore
1180 3392 1270 3456 quem
1295 3374 1323 3438 ei
1347 3373 1490 3457 praepol-

245 3479 313 3543 lens
345 3479 512 3562 Episcopus
546 3477 704 3543 iniecerat.
755 3477 886 3543 Constet
920 3481 1024 3544 autern
1059 3479 1140 3544 iuter
1174 3497 1280 3543 omues
1314 3478 1366 3561 qui
1399 3478 1491 3543 rebus

245 3581 479 3667 pistoriensibus
508 3583 555 3647 uel
585 3581 695 3647 leniter
724 3581 789 3647 sint
818 3581 951 3659 eruditi,
984 3585 1051 3666 post
1082 3582 1160 3648 illud
1187 3581 1387 3668 lacrymabile
1414 3601 1489 3647 cou-

246 3686 427 3751 ciliabulum
447 3686 639 3769 praedictum
663 3685 797 3762 clerum,
831 3706 890 3751 non
923 3704 1011 3752 secus
1040 3706 1077 3752 ao
1100 3690 1290 3770 pratensem,
1323 3705 1412 3754 suam
1442 3705 1490 3752 or·

244 3791 443 3869 thelesiam,
490 3789 672 3874 obsequium
709 3791 963 3875 devotionemque
1001 3791 1032 3857 in
1071 3790 1215 3857 Sanctam
1256 3790 1364 3857 &dem
1401 3810 1491 3875 saepe

246 3896 371 3979 saepius
393 3896 646 3980 apertissimeque
669 3896 850 3964 ostendisse.
896 3896 983 3979 Quae
1007 3899 1128 3973 omnia,
1152 3896 1190 3960 ad
1215 3896 1293 3960 banc
1316 3895 1489 3962 Dineeesim

246 4002 355 4065 alabe
377 4001 557 4066 ianseniaua
581 3999 810 4078 uindicandam,
839 4002 1021 4084 pervulgare
1050 4021 1107 4066 non
1140 4001 1315 4080 omisimus,
1343 4000 1488 4085 quemad·

247 4104 370 4171 modom
398 4124 457 4171 non
489 4105 659 4171 omiserunt
690 4104 864 4171 decessores
895 4105 1008 4184 nostri,
1041 4107 1220 4189 praesertim
1252 4105 1490 4190 praeclarissimi

246 4209 399 4274 Henricus
425 4209 553 4275 Bindius
576 4213 607 4274 el
630 4209 778 4275 Nicolaus
800 4209 1014 4276 Souniiautius.
1051 4209 1279 4288 Verumtamen,
1303 4211 1363 4274 etsi
1384 4228 1431 4274 res
1445 4209 1492 4275 ite

247 4333 279 4377 se
305 4313 456 4393 babeant,
491 4315 528 4378 ad
560 4315 671 4379 falsam
694 4313 781 4378 illam
805 4313 998 4397 opinionem,
1031 4315 1192 4398 praecipue
1226 4334 1261 4379 ex
1291 4314 1403 4379 animis
1435 4332 1485 4380 ex·

247 4421 421 4490 ternorum,
450 4418 573 4501 penitus
603 4417 813 4496 evellendam,
848 4420 941 4501 atque
973 4418 1011 4483 ad
1044 4419 1122 4485 banc
1153 4417 1321 4484 Dioecesim
1352 4438 1372 4482 a
1402 4421 1492 4484 tanta

246 4521 418 4604 ignominie
441 4523 565 4587 omnino
587 4522 822 4598 uindicandam,
847 4523 925 4588 nihil
948 4523 1149 4606 opportunius
1172 4522 1310 4608 nihilque
1333 4521 1490 4588 efficacius

247 4626 477 4702 existimamus,
514 4647 604 4710 quam
644 4627 805 4692 lticciauae
840 4626 961 4712 Synodo
997 4647 1105 4692 nouam
1139 4648 1290 4712 opponere
1321 4627 1489 4713 Synodum.
