3275 4917
173 308 233 366 ner
252 307 388 378 sesqua
405 307 443 362 dc
463 305 612 378 Beipiquc
630 303 657 361 8.
676 306 757 376 sepe.
772 305 853 392 '1895
871 321 927 362 sur
946 306 978 361 io
997 311 1156 377 questions
1173 309 1298 364 eoctole.
1340 291 1403 360 215

161 481 296 547 murima
316 478 492 563 impendere
514 479 708 563 perspicuum
732 480 789 546 est.
821 477 910 543 Nihil
934 477 1087 564 siqnidem
1110 478 1163 543 ilie
1186 483 1287 547 cessat
1306 483 1337 546 in
1356 503 1402 548 re·

161 585 307 670 iigionem
330 587 363 650 et
384 584 416 647 iu
440 602 504 648 rem
528 583 684 666 publicam
707 583 905 648 turbulenter
927 583 1050 660 moliri3
1082 584 1217 650 humanu
1248 604 1343 671 aeque
1367 607 1403 653 ao

161 689 267 756 dirius
286 689 414 753 miscere
434 688 513 766 iura,
537 691 631 771 atque
654 686 852 771 evangelicae
873 687 1084 771 providentiae
1103 687 1240 754 excidere
1256 690 1404 757 beneficia

160 793 298 879 quotidie
324 791 491 858 contendit.
542 791 762 857 calamitatem
797 793 917 856 tautam
948 811 1167 874 saepenumero
1201 813 1256 858 rex
1288 795 1404 862 Nostra

161 898 358 982 graviterque
379 900 428 961 cst
451 898 626 980 persecuta3
650 895 730 979 quod
755 897 834 962 sutis
856 897 1012 961 testantur
1034 898 1225 980 praescripta
1240 901 1271 964 et
1289 901 1404 966 monita

160 1022 240 1087 quae
269 1002 299 1066 in
331 1000 461 1066 Litteris
487 999 563 1084 ipsis
588 1001 703 1065 Rerum
725 1019 873 1065 noverum
896 999 1073 1066 tribuimur.
1115 1001 1227 1084 Itaque
1252 1005 1310 1068 truc
1332 1005 1403 1070 boni

161 1125 282 1186 omnes,
311 1105 398 1170 nulio
421 1105 557 1188 portium
580 1104 771 1180 discrimine,
799 1105 918 1170 animos
946 1105 1110 1169 intendant
1130 1109 1267 1187 oportet:
1302 1112 1336 1174 ut
1357 1109 1402 1173 ui-

161 1212 272 1276 mirum
288 1229 342 1294 pro
356 1209 528 1274 christiane
543 1209 684 1286 veritate
708 1207 840 1284 iustitia,
861 1208 992 1274 caritate
1005 1209 1146 1290 legitime
1162 1215 1402 1295 propugnantes,

161 1333 264 1380 sacras
296 1314 351 1379 Dei
379 1315 556 1379 sustineant
578 1313 756 1397 putriaequo
791 1313 944 1391 rationes,
982 1313 1062 1377 unde
1092 1313 1176 1378 salus
1209 1318 1242 1380 et
1272 1315 1404 1383 felicitas

162 1419 285 1503 publica
305 1417 480 1484 efflorescit.

264 1523 402 1605 Quarum
426 1541 526 1588 rerum
551 1522 696 1588 fiduciam
720 1525 753 1588 et
776 1522 1018 1605 expectationem
1051 1542 1181 1606 aequum
1206 1527 1253 1590 est
1275 1527 1405 1594 consilio

161 1617 324 1712 praecipue
345 1627 545 1709 sollertitque
560 1631 661 1691 vostra
679 1626 745 1693 Nos
759 1626 840 1690 reiis
860 1626 1015 1703 innixam
1040 1629 1197 1710 propterea
1213 1627 1303 1711 larga
1318 1630 1404 1696 robis

160 1733 283 1798 dinnao
304 1733 372 1815 opis
398 1729 552 1814 praesidia
579 1731 795 1813 implorantes,
830 1730 1040 1812 Apostolicaro
1075 1731 1316 1797 benedictionem
1346 1753 1399 1799 ro-

161 1837 351 1920 bismetipsis
373 1835 508 1902 etoleno
530 1835 680 1917 cuiusque
701 1853 738 1898 ac
759 1833 871 1918 populo
894 1836 1092 1918 perumauter
1116 1835 1319 1917 impertimus.

266 1941 380 2005 Datum
405 1940 522 2005 Rornae
543 1938 624 2021 upud
645 1937 793 2003 Ssnctum
820 1939 944 2002 Petrum
970 1938 1020 2002 die
1045 1938 1094 2005 10.
1115 1938 1183 2004 Juli
1207 1959 1286 2008 anno
1312 1945 1402 2024 1895,

162 2043 366 2110 Pontificatus
388 2043 496 2110 Nostri
519 2042 639 2108 decimo
661 2043 780 2110 octavo.

1022 2127 1099 2195 nno
1123 2129 1185 2197 Pe.
1209 2130 1296 2196 xnr.

158 2295 190 2357 2.
214 2286 264 2355 oe
286 2287 318 2355 s.
343 2287 382 2353 a.
406 2287 435 2351 o
456 2285 614 2351 cerrima
634 2285 834 2368 arcanoque
857 2283 895 2350 ae
909 2261 1062 2350 ‘murno
1083 2290 1112 2349 er
1134 2285 1172 2351 re
1193 2287 1268 2351 nar.
1285 2287 1342 2356 ss.
1358 2290 1403 2356 res

351 2391 491 2475 Eosprras
512 2391 551 2455 dc
574 2389 726 2473 Beipipue
747 2411 790 2455 ou
813 2387 922 2471 oropo
944 2394 971 2454 et
993 2409 1059 2454 oux
1080 2387 1215 2456 Fidilcs.

473 2539 537 2604 Nos
557 2537 621 2603 tris
641 2536 742 2616 ‚chors
765 2536 871 2615 ireres,

264 2680 368 2746 Pleios
390 2679 428 2744 de
450 2677 626 2744 sollicitudo
649 2696 724 2760 pour
745 2678 775 2741 ie
797 2677 882 2743 salut
902 2677 939 2744 de
963 2697 1015 2744 ros
1037 2680 1122 2744 turos
1144 2683 1176 2744 st
1191 2699 1267 2764 pour
1285 2680 1315 2744 ia
1330 2699 1402 2746 con·

159 2783 376 2850 servationis
399 2784 428 2848 lu
450 2782 492 2848 foi
516 2783 593 2848 daos
618 2784 704 2847 notre
726 2781 816 2848 chirs
845 2783 960 2865 patrie,
994 2803 1047 2850 ros
1078 2785 1225 2867 premiere
1257 2783 1404 2849 Pasteurs

159 2891 245 2954 n’oot
262 2888 375 2970 temnis
399 2887 529 2970 meoque
551 2886 685 2951 d'eiever
714 2886 746 2951 la
768 2887 836 2950 roir
858 2887 961 2969 quand
985 2906 1035 2952 ces
1059 2888 1188 2953 interets
1212 2888 1237 2952 si
1261 2888 1401 2969 precieux

159 2997 214 3058 ont
236 2991 287 3057 tte
310 2991 452 3056 monacos
474 2990 512 3055 de
532 2989 665 3074 quelque
686 2989 813 3073 danger.

264 3094 454 3161 L'troiution
477 3093 591 3159 sociale
613 3091 666 3176 qui
689 3092 881 3176 s’accompiit
902 3093 1121 3159 actueilemcnt
1145 3097 1194 3160 est
1217 3095 1280 3159 loio
1305 3095 1403 3162 d'etre

159 3219 231 3266 sans
253 3199 347 3283 perii,
370 3209 403 3265 et
421 3201 499 3264 c'ost
522 3218 596 3282 pour
619 3198 686 3262 cela
708 3217 783 3281 que,
812 3197 920 3263 fidiies
943 3217 1001 3264 aux
1023 3199 1234 3265 exhortatione
1256 3199 1297 3263 du
1321 3199 1401 3264 Sou-

159 3304 263 3371 vcrain
291 3303 430 3382 Pontiie,
467 3303 587 3369 Vicairs
618 3303 656 3367 de
685 3301 903 3369 iesus-Christ
922 3321 976 3368 sur
998 3304 1028 3367 la
1052 3308 1150 3382 terre,
1184 3321 1259 3368 uuus
1292 3322 1405 3369 venons

158 3407 236 3474 faire
258 3409 347 3492 appel
368 3409 388 3473 t
410 3411 480 3473 tous
501 3407 547 3473 les
569 3406 787 3472 deroucments
817 3427 895 3491 pour
924 3409 1096 3473 combattre
1127 3405 1271 3472 l'euuemi
1296 3407 1347 3493 qui
1371 3427 1404 3474 se

160 3513 263 3577 dresse
292 3511 489 3597 aujourd’hui
518 3511 633 3576 derant
666 3530 761 3589 nous,
796 3516 828 3576 et
863 3513 937 3578 dont
970 3531 1118 3596 personne
1154 3530 1190 3576 ne
1225 3517 1300 3594 peut
1334 3512 1403 3596 plus

158 3617 283 3701 ignoret
306 3616 350 3682 ies
374 3615 491 3701 projets
512 3618 545 3681 et
566 3615 612 3681 les
636 3633 719 3682 rues.

767 3772 792 3836 1.

264 3920 313 3985 Au
342 3920 440 3986 debut
469 3920 585 3986 deson
616 3919 754 4006 giorieux
777 3919 953 4005 pontificat,
985 3919 1065 3985 Leon
1094 3918 1183 3988 XIII.
1215 3919 1301 3984 avait
1331 3919 1404 4003 deit

158 4025 279 4109 signali
305 4043 345 4090 au
374 4025 486 4090 monde
514 4026 613 4090 entier
644 4026 687 4089 ies
716 4027 842 4109 progrts
864 4023 904 4088 du
931 4023 1114 4091 socialisure.
1163 4023 1266 4088 »ceux
1289 4022 1340 4106 qui
1365 4042 1403 4088 eu

157 4128 226 4194 font
248 4129 429 4212 profession,
462 4129 629 4207 ›dissitit‹
654 4128 802 4195 rtsiisent
825 4129 982 4212 luparolo
1004 4129 1058 4194 des
1080 4128 1183 4193 birros
1204 4125 1327 4192 Saiots:
1351 4127 1402 4194 Ils

157 4233 280 4300 rouiort
301 4234 370 4299 tour
390 4235 481 4300 circis·
502 4235 584 4300 donc
604 4240 702 4300 uuus
723 4234 972 4311 prenoscere,
1002 4233 1170 4315 mbpriscnt
1200 4237 1266 4298 tout
1292 4233 1404 4315 coqui

157 4337 308 4422 s'appciis
329 4337 486 4405 l’autora'tb
508 4344 537 4404 et
554 4338 765 4421 reptem
786 4359 818 4403 cc
840 4337 918 4420 pu’il
940 4361 962 4423 y
983 4359 1005 4403 o
1026 4335 1160 4419 deplere
1182 4337 1278 4402 socrc‘
1300 4335 1405 4420 (Epist

158 4440 190 4507 S.
214 4441 328 4520 iuriae,
350 4442 396 4524 8).

265 4546 347 4611 Pour
367 4563 434 4622 eux,
456 4548 521 4612 risu
545 4547 584 4613 dc
605 4547 675 4612 tout
696 4564 731 4610 ce
753 4563 813 4628 que
834 4544 879 4610 les
903 4544 960 4610 lois
984 4545 1103 4610 divinos
1118 4562 1156 4609 ou
1174 4543 1334 4609 humaines
1349 4545 1403 4608 ont

158 4649 255 4716 itabii
278 4669 354 4734 pour
376 4652 408 4715 ia
428 4650 561 4717 securitt
582 4653 615 4717 et
638 4651 667 4716 ie
693 4649 819 4735 prognes
846 4649 883 4714 de
907 4649 1107 4726 i’huruanite,
1135 4669 1173 4714 ns
1208 4647 1276 4715 doit
1305 4647 1404 4710 nestor
