3275 4917
267 197 333 269 460
520 218 662 285 streonae
684 214 885 271 Pistoriensia
903 218 933 268 et
952 210 1114 268 Ρναῑεπείε
1131 228 1159 267 u
1178 211 1262 267 1892.

270 388 424 453 absolutio
447 388 567 452 veniam
590 387 708 470 peccati
731 385 854 463 tribuit,
879 383 1091 467 indulgentiae
1112 384 1320 467 poenitentem
1344 382 1547 447 liberante

270 491 375 575 poenis
396 491 627 576 temporalibus,
651 509 719 555 cum
741 493 886 555 aeternae
910 476 937 555 ri
961 488 1154 554 Sacramenti
1177 490 1388 554 remittantur.
1432 487 1545 551 Tem-

270 594 389 680 pornles
412 597 516 661 autern
540 613 653 678 poenae
677 594 881 678 indulgentiis
904 593 1061 659 interdum
1087 592 1330 670 imminuuntur,
1363 610 1545 656 nonnum·

271 719 363 782 quem
388 700 477 782 plene
501 698 687 764 relaxantur.

375 804 405 869 2.
439 801 589 885 Quoniam
624 820 694 866 sero
724 804 797 865 sunt
830 803 882 885 qui
915 802 1139 867 haereticorum
1163 800 1285 883 placitis
1307 799 1542 872 inhaerentes,

272 906 428 972 Ecclesiae
453 906 530 971 banc
552 906 689 987 improbe
709 906 868 988 denegant
882 907 1080 987 potestatem,
1099 905 1285 986 easdemque
1301 904 1540 985 indulgentias

272 1030 329 1075 non
353 1010 451 1075 solnm
476 1009 641 1093 pronihilo
660 1011 780 1091 putant,
801 1007 968 1074 sedetiam
984 1011 1109 1073 vertunt
1125 1008 1156 1072 in
1173 1009 1280 1083 risum,
1301 1007 1539 1089 parochorum,

271 1134 427 1180 sacrorum
461 1114 708 1180 concionatorum
742 1115 774 1178 et
803 1113 1046 1179 catechistarum
1079 1112 1140 1177 erit
1168 1131 1204 1177 ea
1235 1129 1313 1195 quae
1342 1109 1382 1173 de
1410 1128 1538 1174 earum

272 1218 409 1283 utilitate
440 1217 537 1301 deque
573 1216 728 1282 hicclesiae
760 1218 917 1299 potestate
947 1234 1000 1281 eas
1032 1215 1235 1291 concedendi,
1269 1214 1465 1298 praesertim
1501 1216 1537 1278 in

273 1322 408 1387 Concilio
432 1322 612 1387 Tridentino
635 1320 811 1405 dogmatice
834 1319 963 1386 delinita
985 1323 1079 1404 atque
1093 1321 1215 1386 sancita
1229 1322 1304 1384 sont
1315 1319 1348 1402 ¹),
1375 1319 1536 1401 frequen

271 1431 329 1503 ter,
354 1427 544 1511 maximeque
568 1446 621 1509 per
643 1426 845 1504 occasionem,
869 1425 1033 1508 explanare
1048 1443 1226 1509 erroresque
1242 1424 1301 1488 hac
1316 1423 1353 1488 de
1369 1441 1402 1485 re
1420 1422 1534 1485 lirinis

273 1529 413 1595 retollere
435 1530 637 1613 argumentis.

376 1637 405 1698 s.
444 1634 484 1699 Ut
515 1637 618 1699 antmu
648 1632 755 1699 fideles
785 1653 820 1699 ex
851 1631 1056 1718 indulgentiis
1085 1650 1180 1715 quam
1210 1632 1359 1697 maximos
1391 1632 1533 1713 capiant

274 1739 402 1814 tructus,
426 1738 518 1801 iidem
542 1736 678 1821 parochi,
700 1737 781 1802 sacri
797 1737 1025 1803 concionatores
1040 1737 1072 1802 et
1089 1735 1278 1801 catechistae
1300 1752 1402 1817 saepe
1429 1753 1529 1817 prae·

271 1842 439 1923 sertimqnc
470 1860 539 1905 cnm
572 1840 743 1905 iubilaeum
774 1840 823 1905 rel
846 1840 1017 1923 plenariam
1039 1840 1177 1922 aliquam
1201 1838 1327 1904 edicunt
1348 1838 1528 1923 indulgen·

273 1946 347 2009 tiam
373 1944 622 2027 antiquissimam
647 1943 803 2010 Ecclesiae
825 1942 1021 2028 disciplinam
1044 1961 1136 2026 snper
1159 1942 1361 2023 indulgentiis
1387 1943 1527 2024 eiusque

273 2050 407 2114 mentem
431 2050 461 2111 in
485 2048 529 2114 eis
549 2048 749 2113 concedendis
771 2050 933 2131 exponant.
968 2046 1166 2113 Conditioues
1187 2052 1357 2130 praeterea,
1379 2065 1468 2129 quae
1485 2047 1526 2110 ad

275 2172 327 2217 eus
349 2152 513 2219 lucrandas
536 2151 746 2236 requiruntur,
769 2150 938 2236 diligenter
956 2149 1130 2235 explanent.

377 2257 407 2324 4.
450 2254 597 2339 Singulas
631 2255 841 2339 indulgentias
874 2257 1039 2339 perpetuas
1072 2274 1150 2339 quas
1185 2254 1316 2320 Romam
1349 2254 1524 2320 Pontifices

272 2377 448 2427 concessere
478 2358 741 2443 proquibusdam
771 2358 959 2424 christianae
987 2359 1115 2442 pietatis
1145 2358 1288 2442 operibus
1309 2375 1388 2441 qnae
1410 2357 1524 2424 fideles

272 2462 444 2547 generatim
468 2462 568 2529 iacere
590 2462 706 2539 scient,
737 2481 874 2546 quasque
906 2462 936 2529 in
959 2462 1128 2547 appendice
1151 2461 1244 2527 huius
1265 2460 1381 2543 Synodi
1403 2460 1521 2527 ducti-

273 2567 379 2631 bemns
403 2586 432 2633 u.
455 2565 517 2645 Xl,
549 2568 674 2650 parochi
699 2566 884 2649 tempestive
906 2570 1017 2639 curent
1039 2568 1072 2631 iu
1095 2566 1201 2650 popuii
1224 2566 1403 2631 memoriam
1426 2584 1519 2631 reso·

272 2689 352 2747 cars,
374 2687 504 2753 eumque
529 2669 567 2734 ad
592 2688 644 2735 eas
666 2669 832 2737 lucrandas
855 2670 999 2736 excitare.
1024 2671 1113 2736 Aliae
1129 2673 1235 2736 autem
1250 2669 1468 2752 indulgentiae
1484 2689 1520 2734 er

273 2772 419 2857 peculiari
443 2772 638 2856 Apostolicae
660 2772 747 2839 Sedis
776 2772 899 2841 indulto
926 2774 1087 2851 obtentae,
1117 2773 1274 2839 indicatae
1301 2773 1517 2850 exhibeantur,

271 2876 447 2961 etquidem
470 2876 619 2945 adnotato
641 2878 847 2945 concessionis
875 2897 973 2957 anno,
1005 2878 1038 2943 in
1068 2878 1202 2945 sacrario
1229 2878 1277 2943 vel
1304 2878 1336 2942 in
1361 2877 1422 2941 alio
1444 2895 1518 2942 cnu-

272 2980 405 3046 reuienti
428 2983 521 3065 atque
542 2982 704 3065 spectabili
729 2984 810 3061 lnco;
833 2980 1008 3066 diplomata
1032 3001 1102 3048 sero
1116 3001 1136 3045 a
1151 2980 1293 3065 parochis
1309 2982 1342 3046 in
1358 2980 1515 3047 tabulario

273 3084 441 3170 diligenter
462 3086 670 3151 asserventur.

375 3189 405 3255 5.
429 3187 599 3255 Hortamur
622 3189 769 3273 parochos
792 3190 826 3255 ut
848 3192 1034 3273 peculiarem
1058 3189 1196 3275 aliquam
1218 3188 1444 3273 indulgentiam
1462 3208 1516 3271 pro

270 3312 396 3358 suarum
419 3292 617 3358 ecclesiarum
643 3292 730 3359 iestis
752 3293 987 3360 solemnioribus
1003 3314 1022 3361 a
1037 3296 1146 3360 sancta
1161 3293 1239 3359 Sede
1256 3293 1378 3377 assequi
1391 3297 1514 3368 curent;

271 3396 364 3480 idque
386 3415 421 3462 ao
444 3396 539 3461 etium
560 3396 689 3463 consilio
712 3400 748 3461 nt
768 3397 874 3465 fideles
895 3399 934 3463 ad
958 3397 1160 3465 Sacramenta
1179 3396 1352 3480 recipienda
1369 3395 1513 3461 libentius

272 3500 522 3584 frequentiusque
558 3500 716 3567 accedant.
771 3502 835 3568 Nos
869 3504 974 3568 anum
1005 3502 1288 3569 commendationes
1324 3519 1403 3586 qnae
1435 3502 1512 3582 apud

272 3604 411 3670 eamdem
436 3602 544 3669 Sedem
568 3604 608 3669 ad
624 3605 801 3671 huiusmodi
818 3606 938 3689 gratias
954 3606 1137 3673 obtinendas
1153 3606 1362 3689 requiruntur,
1385 3605 1512 3670 libenter

271 3708 493 3793 praebebimus.
539 3706 646 3789 Quoad
670 3726 741 3774 vero
764 3708 974 3795 indulgentias
998 3711 1061 3776 iarn
1082 3711 1244 3786 obtentas,
1275 3710 1302 3774 si
1325 3710 1364 3775 ad
1385 3711 1512 3793 tempus,

272 3816 307 3878 nt
330 3812 445 3878 usitate
469 3812 520 3891 ht,
550 3830 712 3879 concessae
735 3812 868 3892 ineunt,
899 3815 1024 3897 parochi
1044 3834 1151 3880 earum
1173 3812 1438 3880 confirmationem
1459 3818 1510 3877 ant

273 3937 380 3983 noram
404 3917 598 4001 expostulent
619 3918 860 3997 concessionem,
894 3936 931 3983 ne
962 3918 1070 3985 fideles
1096 3921 1128 3984 in
1153 3938 1285 3984 errorem
1318 3918 1504 3984 inducantur.

269 4022 491 4089 Consuetudini
513 4023 618 4087 autem
642 4020 726 4087 nullo
748 4023 949 4088 confirmatae
972 4024 1156 4091 documento
1178 4043 1237 4090 non
1253 4042 1286 4088 se
1301 4022 1438 4099 credant,
1456 4020 1506 4085 sed

270 4146 362 4192 nonas
383 4124 604 4210 indulgentias,
627 4126 739 4191 saltem
765 4126 804 4191 ad
827 4127 995 4208 cantelam,
1020 4132 1197 4212 exposcant.

372 4232 404 4299 6.
422 4229 530 4297 Sciant
552 4229 751 4295 ecclesiarum
775 4232 907 4297 rectores
922 4232 1077 4318 ceterique
1091 4252 1223 4318 quornm
1238 4234 1387 4298 iuteresse
1402 4230 1497 4309 debet,
1588 4285 1589 4316 ,

261 4335 474 4421 indulgentias
493 4335 683 4412 obtinentes,
705 4353 759 4401 aas
779 4336 836 4400 aut
857 4335 936 4401 alias
955 4336 1134 4421 spirituales
1156 4337 1276 4422 gratias
1299 4356 1351 4419 per
1370 4335 1493 4401 Ordina-
1588 4321 1589 4342 ¹

378 4539 404 4606 l)
421 4538 490 4591 Sese.
509 4538 594 4603 XXV,
614 4539 718 4593 Deerat.
739 4540 772 4594 de
789 4539 897 4610 indulg.
