3275 4917
271 208 335 281 424
378 232 561 301 Sapmittter,
585 226 791 301 Deeipnetioa
809 234 862 288 dee
880 229 1082 300 Nectaselpere
1100 232 1198 287 duret
1216 229 1277 287 dcet
1297 230 1402 299 Pepet.

271 405 321 471 lrir
347 406 458 472 immer
488 406 550 470 und
581 406 669 471 enter
699 404 780 496 allen
813 403 1006 470 Umettnden
1036 403 1105 470 dem
1135 404 1232 487 Papet
1255 403 1311 488 dae
1336 403 1437 471 liecht
1464 404 1532 469 ab·

271 510 405 593 epricht,
433 510 536 575 eoirnee
567 508 758 593 Nechiolger
786 528 823 573 eu
852 508 1019 585 bertellee,
1050 508 1186 573 ntmliclr
1215 508 1315 586 daun,
1349 526 1434 573 uene
1470 508 1528 572 ein

271 614 441 681 drohendee
466 614 561 679 Uebel
584 613 672 678 nicht
693 613 805 678 endere
828 612 989 696 beltmpft
1011 612 1129 678 werden
1155 613 1248 678 lrann.
1284 612 1368 678 Doch
1383 612 1442 677 eoll
1463 612 1529 676 der

274 721 368 803 Pepet
391 719 469 783 auch
499 718 566 782 hier
590 717 646 782 nrit
667 716 885 801 Zustimmeng
908 716 962 783 dea
986 716 1157 782 romischcu
1184 716 1298 782 Klerue
1318 716 1380 781 end
1400 716 1527 780 Volkee

271 825 362 892 been.
387 823 442 889 der
465 821 628 888 Cardintlc
651 821 795 887 hendeln.

374 944 481 1009 Dicaea
505 943 553 1007 ier
573 943 644 1026 Jene
667 943 735 1008 Zeit
757 942 987 1027 hochgelehrte,
1012 943 1070 1008 mit
1087 942 1179 1008 heuto
1195 943 1274 1009 ecch
1292 942 1442 1026 Achtuag
1457 961 1522 1025 ge·

271 1047 433 1114 bietenden
463 1047 666 1113 historischen
699 1046 905 1113 Kenntnieeen
938 1047 1115 1131 abgciaeete
1140 1047 1235 1113 Weri
1267 1048 1322 1113 lrat
1350 1046 1430 1113 uach
1460 1046 1524 1111 der

272 1152 405 1219 Vorrede
429 1151 596 1217 Panviniue
619 1151 688 1217 dem
715 1153 829 1235 Papate
855 1151 926 1217 Pius
952 1151 1005 1217 lv.
1034 1151 1112 1217 eben
1141 1152 1173 1216 ie
1196 1151 1266 1217 dem
1296 1150 1393 1218 delire
1418 1150 1520 1227 1562,

270 1258 301 1322 in
330 1255 474 1323 melchom
505 1256 555 1321 die
586 1256 795 1321 Reiormbulle
826 1256 880 1320 dee
901 1254 1068 1321 (lonclaree
1102 1255 1157 1321 »In
1178 1255 1349 1340 eligendis<
1378 1255 1520 1321 erleeaeu

272 1362 390 1439 eurde,
414 1360 588 1445 ebergebcn
602 1362 636 1445 ¹).
679 1360 718 1426 So
743 1360 881 1425 reretelrt
905 1378 973 1424 man
999 1359 1078 1425 wohl
1100 1360 1150 1425 dic
1173 1360 1249 1425 teate
1273 1360 1522 1441 Ueterecegeng

272 1486 328 1532 von
352 1465 424 1530 Pius
448 1466 520 1541 lit,
551 1464 622 1530 deee
649 1465 703 1529 der
728 1465 823 1547 Papet
852 1464 919 1530 sich
946 1464 1044 1529 eelbet
1067 1464 1176 1530 leiecn
1200 1463 1392 1548 Nachiolger
1413 1464 1518 1546 geben

273 1572 380 1639 kenne.
423 1570 495 1635 Man
519 1570 601 1635 kann
624 1588 656 1634 ee
678 1570 744 1634 sich
768 1570 843 1634 aber
864 1568 943 1635 auch
966 1569 1126 1647 eriltren,
1155 1588 1241 1633 uene
1264 1587 1297 1633 ee
1320 1568 1394 1633 Pina
1416 1569 1518 1633 trote-

271 1675 339 1741 dem
370 1694 407 1740 ee
439 1674 559 1740 treinem
593 1674 704 1740 Decret
734 1673 877 1739 hienibcr
904 1673 1042 1741 brachie.
1089 1672 1176 1738 Denn
1201 1692 1261 1738 nae
1282 1672 1452 1739 Penriniue
1474 1690 1519 1736 an

270 1885 446 1955 Syremachee
463 1886 600 1954 (Holdcr,
619 1883 669 1938 Die
688 1881 867 1952 Designatiou
886 1880 933 1937 der
949 1880 1117 1953 Nachlolger
1134 1881 1219 1937 durch
1236 1881 1281 1937 die
1298 1882 1398 1950 Pipete
1411 1880 1447 1935 23
1460 1879 1517 1949 tm:

270 1972 315 2027 »Si
334 1971 404 2041 quod
423 1971 503 2035 absit,
520 1971 654 2025 transitus
673 1986 758 2040 papae
775 1969 931 2038 inopinatae
950 1967 1080 2034 evenerit,
1101 1972 1132 2024 ut
1150 1968 1183 2024 de
1201 1969 1245 2024 eei
1262 1968 1392 2024 electione
1408 1982 1517 2022 eumae-

268 2058 343 2125 eorie,
363 2062 394 2113 ut
411 2074 491 2128 eupra
509 2056 620 2126 placuit,
640 2073 692 2112 uon
706 2056 793 2125 poseit
804 2059 869 2110 ante
883 2053 1049 2119 decernere«
1066 2056 1155 2111 erhilt
1167 2055 1220 2111 den
1231 2055 1417 2112 commentar:
1438 2053 1517 2107 »Hoc
1609 2111 1610 2116 ἵ

269 2162 346 2215 porro
363 2147 443 2214 ceput
461 2160 513 2198 uon
532 2144 654 2214 loquitur
672 2142 705 2199 de
723 2140 850 2198 abeolete
867 2142 1026 2196 eecceeeorie
1043 2142 1189 2207 electione,
1211 2146 1361 2214 temporum
1384 2140 1516 2196 ridelicet

268 2234 343 2287 etate
363 2231 466 2301 quieto,
485 2229 532 2286 aed
550 2229 614 2285 dum
632 2230 750 2285 echiema
766 2228 899 2283 imminet.
932 2227 1003 2283 Nam
1019 2228 1090 2283 aliae
1107 2230 1183 2298 Papa
1200 2230 1235 2285 de
1250 2244 1400 2285 euoceeeore
1415 2244 1466 2283 eno
1483 2243 1516 2281 ee

268 2318 327 2373 viro
345 2320 531 2373 tractarenon
549 2316 630 2373 debet
650 2316 701 2372 uini
720 2315 830 2371 maioma
855 2313 921 2369 meli
944 2314 1065 2371 evitandi
1083 2332 1176 2382 cauea,
1203 2316 1274 2386 quod
1300 2313 1448 2385 aliquando
1467 2329 1514 2369 ae-

267 2403 355 2461 cidere
374 2407 488 2475 poseat·
525 2402 594 2461 Clrn.
613 2404 671 2471 147,
690 2402 708 2459 i.
728 2403 805 2460 368v.

371 2490 426 2546 Der
451 2490 628 2561 Daretellnng
652 2490 700 2547 der
722 2490 802 2547 Wahl
827 2492 937 2547 Viktcre
957 2491 1026 2557 tlt,
1050 2490 1157 2546 Urbane
1175 2489 1214 2544 11.
1237 2487 1293 2545 und
1317 2487 1458 2544 Peentalis
1473 2487 1513 2544 IL

267 2576 374 2632 endliclr
393 2578 458 2633 aird
477 2576 616 2647 folgenden
635 2577 885 2646 rorausgceclnickt:
910 2578 1034 2633 »Mortuo
1054 2575 1186 2647 Gregorio
1204 2576 1267 2633 v11.
1287 2576 1383 2648 quintu
1407 2575 1513 2631 decimo

267 2663 373 2719 variata
394 2665 436 2718 eet
454 2662 624 2717 comitiorum
647 2662 761 2717 Romani
784 2663 920 2731 pontificia
940 2662 1041 2729 torma,
1068 2679 1138 2733 quae
1164 2663 1193 2717 in
1220 2663 1309 2718 tribue
1335 2661 1513 2732 eequmtibee

266 2747 437 2817 pontificibus
455 2750 563 2803 mntem
581 2745 743 2816 perduravit.
778 2746 849 2802 Nam
867 2748 945 2803 nulla
963 2749 1124 2818 interposita
1147 2748 1319 2818 imperatorie
1337 2749 1515 2815 anctoritate,

266 2836 349 2890 immo
366 2838 474 2904 praeter
492 2834 548 2889 eiee
567 2834 730 2889 seutentiam
747 2853 764 2891 a
779 2834 975 2903 cardinalibue,
999 2835 1086 2902 clcro,
1104 2839 1201 2891 ennete
1219 2837 1372 2907 populoque
1389 2836 1514 2891 Romano

267 2922 417 2977 renuncieti
433 2925 498 2977 eunt
514 2924 542 2976 ct
559 2921 725 2989 coneecrati;
751 2921 821 2977 illud
846 2920 955 2987 addito,
985 2922 1056 2993 quod
1081 2922 1115 2977 ob
1138 2922 1282 2977 imminene
1299 2922 1416 2978 echiama
1434 2938 1513 2992 prac·

267 3010 389 3065 deoceeor
406 3023 582 3065 euccceeorem
601 3024 632 3063 ex
651 3012 758 3077 petrem
776 3012 867 3063 tamen
885 3007 1053 3064 adetemium
1070 3009 1234 3065 auctoritate
1253 3008 1416 3080 deeignerit
1439 3008 1513 3064 Nam

266 3095 412 3167 Gregorius
431 3094 490 3151 Vll.
519 3093 737 3159 taceremne,
765 3094 858 3151 Victor
878 3094 1016 3151 Urbanum
1031 3095 1082 3158 11..
1109 3095 1235 3152 Urbaene
1263 3096 1421 3152 Paeclrelem
1446 3099 1514 3152 aute

268 3188 381 3238 mortem
407 3199 483 3239 enam
510 3181 607 3253 lignee
635 3182 755 3237 Romano
779 3182 940 3251 pontificatu
968 3184 1180 3251 pronunciarent
1207 3182 1434 3254 edetentibueqne
1452 3199 1512 3238 cer-

267 3269 401 3325 diealibee
427 3286 517 3325 eorum
543 3268 724 3337 promotiome
754 3273 958 3337 persuaserunt,
985 3268 1083 3339 quibua
1107 3271 1190 3325 etiem
1217 3270 1432 3341 obtemperatum
1458 3274 1511 3324 eet.

267 3356 324 3411 Hoc
342 3372 403 3411 vero
421 3356 463 3423 (ut
481 3356 548 3422 dixi)
572 3355 675 3411 lactem
702 3358 744 3410 est
771 3359 863 3411 eteme
884 3357 999 3412 maximo
1017 3357 1164 3413 echiemete
1181 3362 1210 3413 et
1228 3358 1353 3413 eccleciae
1370 3356 1511 3429 perterta-

265 3445 340 3499 tione
365 3442 438 3497 inter
466 3427 579 3513 reguum
607 3446 635 3497 et
657 3442 846 3498 secerdotium.
895 3443 965 3499 Nem
993 3446 1052 3499 tem
1079 3444 1220 3513 pontilicee
1247 3444 1369 3499 virenter
1396 3443 1511 3498 maxime

266 3528 409 3595 curabant,
436 3532 468 3584 ut
495 3530 550 3585 illie
573 3545 709 3585 eecceseor
727 3528 930 3599 designaretur,
955 3546 1034 3600 quem
1059 3528 1253 3599 intelligebant
1271 3530 1403 3585 actionem
1421 3530 1510 3599 ipeem

265 3618 357 3671 contra
375 3615 562 3686 imperatorem
582 3616 800 3685 potentissimum
819 3632 984 3686 quemqnam
996 3616 1108 3672 ardeam
1120 3620 1149 3673 et
1161 3616 1300 3673 difficilem
1312 3619 1508 3683 eueceptnrnm,

266 3718 282 3756 e
300 3719 354 3772 qua
371 3702 456 3758 totim
475 3701 669 3758 eccleeieeticae
686 3700 822 3756 libertatis
840 3718 944 3757 remma
962 3702 1122 3771 pendebat«
1148 3700 1217 3759 cem.
1236 3702 1294 3769 148,
1312 3702 1332 3757 i.
1353 3702 1412 3757 142.

371 3805 397 3874 1)
424 3808 489 3861 ,una
508 3804 630 3860 bemerkt
656 3820 703 3859 ror
727 3804 828 3859 eoinem
857 3806 968 3876 Aeeaug
999 3822 1048 3861 ana
1082 3804 1144 3861 dem
1168 3809 1325 3877 geuannteu
1354 3807 1434 3863 Werk
1461 3807 1509 3863 dee

266 3890 429 3946 Panviuine:
452 3891 556 3946 »Maiae
583 3891 690 3960 quidem
717 3891 785 3947 illud
813 3908 880 3960 opue
906 3892 1034 3947 Marcello
1061 3891 1176 3949 cerrino
1204 3892 1337 3949 cardinali
1360 3894 1508 3949 Panriniue

265 3977 410 4033 inecrilere
435 3978 620 4033 destinaverat
643 3994 703 4033 curu
727 3978 790 4033 aliie
817 3978 912 4033 multia
940 3979 1069 4035 buteriae
1093 3979 1291 4035 eccleeieeticae
1319 3982 1509 4047 monumentis,

265 4080 334 4133 quae
351 4064 473 4135 generali
490 4064 606 4133 primum
624 4064 808 4119 chronicorum
822 4064 1005 4134 appellatione
1017 4065 1262 4137 comprehenderat,
1280 4066 1378 4123 deinde
1392 4069 1509 4139 propriie

263 4150 373 4221 ringula
389 4152 480 4207 titulie
497 4150 690 4220 distinguenda
708 4156 857 4217 curaverat,
876 4156 907 4207 nt
923 4152 953 4207 iu
968 4152 1026 4208 eine
1044 4169 1092 4208 me.
1109 4153 1277 4222 praelatione
1296 4155 1359 4224 lego
1376 4153 1412 4209 ed
1432 4172 1507 4225 pree·

263 4235 365 4293 dictum
387 4238 586 4293 eauctiasimnm
612 4238 775 4293 cardinalem
801 4240 831 4293 et
856 4238 954 4295 ddude
977 4240 1131 4308 pontificem
1150 4256 1222 4295 anun
1241 4241 1308 4295 1553
1327 4240 1418 4297 ariera
1454 4242 1508 4297 Sed

264 4322 335 4377 enim
352 4328 413 4393 poet
430 4324 553 4381 Marcelli
570 4323 674 4379 obitum
689 4324 739 4381 eeb
759 4324 807 4381 Pio
824 4325 869 4381 IV.
889 4327 1072 4396 interruptum
1089 4342 1155 4395 opue
1168 4328 1316 4383 Panriniue
1334 4328 1508 4397 iuetaererit,

265 4407 308 4463 rel
325 4409 414 4478 potine
433 4410 462 4464 in
480 4411 666 4478 compendium
684 4410 791 4479 redegit
808 4412 887 4481 eique
903 4412 1024 4484 pontiflci
1041 4429 1111 4469 aueo
1129 4412 1206 4478 1562,
1225 4430 1278 4485 quo
1296 4416 1320 4468 ie
1335 4417 1507 4473 conetitutio·

265 4508 325 4548 nem
341 4494 375 4549 de
392 4495 582 4552 reformatione
600 4496 732 4551 conclavia
751 4496 850 4562 edidit,
868 4502 1017 4569 opportune
1036 4518 1084 4555 me.
1103 4500 1231 4556 obtulit«
1259 4500 1435 4571 Spicilegiem
1453 4504 1507 4559 Be·

267 4595 375 4635 manum
393 4581 442 4647 lx,
459 4584 511 4639 515
529 4583 547 4639 i.
