3275 4917
215 218 279 283 432
465 239 607 308 Spnodua
628 240 829 296 Proconesus
846 245 877 293 ct
897 238 1057 295 Proteaeia
1074 256 1103 294 u.
1122 239 1207 295 1892.

215 408 358 486 licentia3
382 428 479 494 neque
499 410 647 476 annulum
673 412 703 477 in
728 410 829 496 digito
852 412 985 495 gestare,
1010 410 1070 477 nisi
1086 409 1156 495 quis
1173 411 1301 494 speciali
1320 411 1458 495 gandeat

216 512 377 598 priuilegio
392 516 437 598 ¹);
462 533 516 581 neo
539 516 642 599 pluras
664 534 756 600 qnam
778 516 856 580 duas
879 515 1027 582 adbibere
1049 515 1241 593 candelas’t.

321 627 370 692 ll.
395 626 521 706 Carent,
544 628 721 712 etquidem
743 628 827 694 omni
851 628 964 706 studio,
990 631 1026 694 ut
1042 628 1135 693 rerba
1150 627 1234 693 clare
1249 628 1457 713 distincteque

216 732 426 815 pronuntient,
442 734 474 797 et
488 733 592 798 omnia
606 751 685 817 qnae
700 732 822 819 agenda
834 735 918 811 sunt,
934 736 1089 812 accurate,
1105 733 1243 817 graviter
1254 732 1457 817 religioseque

215 835 385 919 perficiant.
433 836 468 901 In
493 836 549 903 boc
572 838 675 903 antem
699 837 884 903 sacerdotali
912 836 1083 903 ministerio
1112 836 1251 903 obeundo
1273 855 1332 902 non
1356 837 1455 901 solnm

215 939 374 1006 festinatio
395 941 519 1006 omnino
541 940 688 1027 fugienda
711 944 768 1019 est,
791 961 871 1025 qnae
894 940 1100 1025 irreligiosum
1117 941 1255 1006 animum
1272 940 1410 1007 ostendit
1423 946 1456 1007 et

216 1042 320 1109 fideles
342 1044 487 1122 offendit,
517 1045 571 1111 sed
594 1047 688 1111 etiarn
712 1046 845 1112 tarditas
865 1064 943 1131 quae
966 1045 1038 1111 illos
1059 1044 1159 1110 allicit
1182 1045 1293 1110 taedio.
1341 1046 1456 1110 Missae

214 1148 319 1231 itaque
340 1148 507 1215 celebratio
538 1168 595 1215 non
625 1151 828 1215 contrahatur
852 1149 935 1215 inira
957 1149 1084 1215 tertiam
1107 1150 1200 1215 borae
1232 1151 1370 1232 partem,
1400 1167 1456 1215 nec

216 1251 402 1335 producatur
422 1254 506 1319 ultra
529 1254 621 1321 borae
644 1254 808 1321 dimidium
819 1254 856 1339 ⁸).
903 1254 963 1335 Qui
988 1274 1077 1331 vero,
1108 1254 1189 1338 qnod
1217 1254 1302 1319 Deus
1324 1255 1457 1331 cremat,

216 1376 253 1421 ne
269 1356 361 1423 borae
376 1358 501 1442 quidem
516 1360 721 1442 quadrantem
738 1358 769 1423 in
787 1359 902 1423 Missae
917 1359 1134 1435 celebratione¹
1157 1358 1253 1423 Missa
1268 1358 1307 1424 dc
1319 1360 1457 1441 requiesse

216 1480 274 1527 non
298 1466 432 1545 excepta,
457 1464 650 1546 impenderit,
674 1464 755 1529 sciat
776 1482 809 1528 se
831 1464 953 1547 culpam
977 1482 1103 1547 grauem
1126 1462 1326 1528 commisisse.
1378 1461 1455 1543 Qui·

215 1584 344 1649 cumque
367 1571 471 1631 autem
495 1568 614 1632 novant
637 1568 694 1632 boc
716 1566 837 1633 lacinus
860 1570 1071 1650 perpetratum
1089 1566 1193 1643 inisse,
1216 1568 1360 1632 teneatur
1377 1565 1456 1631 illud

216 1668 254 1735 ad
279 1670 342 1736 Nos
364 1670 494 1749 deterre,
515 1674 549 1736 ut
571 1672 604 1737 in
626 1672 799 1755 improbum
824 1672 1015 1738 sacerdotem
1038 1671 1331 1738 animadvertamus.

322 1782 371 1849 12.
404 1784 532 1850 Peracto
556 1782 664 1862 Sacro,
694 1804 730 1850 ea
752 1784 908 1869 gravitate
929 1802 966 1849 ac
989 1784 1222 1867 modestiaque
1244 1782 1457 1849 adaltarese

215 1885 422 1966 contulerunt,
445 1888 483 1953 ad
504 1888 673 1954 sacrarium
698 1890 842 1967 redeant3
865 1907 968 1954 sacras
982 1890 1082 1954 restes
1096 1907 1154 1953 non
1172 1906 1381 1973 praepropere,
1401 1885 1456 1951 sed

215 1988 328 2054 sensim
348 1994 477 2072 ernant;
500 2011 555 2059 neo
577 1992 754 2071 Dominum,
778 2012 869 2077 quem
892 1995 922 2057 iu
939 1996 1060 2076 pectore
1076 1994 1199 2075 gerunt,
1222 1992 1455 2068 obliviscantur,

215 2093 279 2165 sed,
305 2097 340 2159 nt
364 2095 454 2179 paulo
478 2096 689 2162 antedictum
713 2098 771 2175 est,
795 2098 827 2162 in
848 2098 1020 2181 gratiarnm
1044 2097 1165 2162 actione
1180 2100 1338 2163 maneant.
1368 2094 1455 2177 Quod

216 2199 251 2262 ut
273 2198 396 2264 facilius
417 2200 592 2268 sacerdotes
616 2204 772 2285 praestare
795 2206 926 2285 queant,
957 2206 1066 2267 curent
1095 2204 1228 2267 rectores
1256 2201 1455 2266 eeclesiarum

215 2304 248 2367 et
268 2302 384 2368 aeditui
409 2324 445 2369 ne
467 2305 498 2369 in
522 2304 666 2372 sacrariis
689 2310 858 2371 conventus
883 2306 1043 2371 hominum
1072 2306 1239 2372 otiosomm
1274 2304 1457 2387 inutiliaque

216 2404 369 2490 colloquia
398 2406 484 2475 fiant.
534 2408 647 2476 Omnes
677 2410 800 2495 quidem
833 2410 949 2495 linguis
980 2410 1121 2488 faveant,
1153 2412 1201 2487 et,
1233 2410 1258 2474 si
1290 2408 1457 2473 necessitas

218 2510 361 2591 postulet,
388 2512 542 2604 submissa
564 2514 729 2598 loqnantnr
752 2534 836 2581 roca.

323 2625 372 2691 13.
403 2624 500 2691 Missa
527 2630 631 2692 antem
663 2631 800 2711 tempore
829 2627 868 2692 ab
892 2626 1029 2694 Ecclesia
1051 2628 1171 2692 statuto
1193 2626 1385 2704 celebretur,
1417 2624 1456 2689 ab

216 2744 326 2793 aurora
339 2728 459 2795 scilicet
472 2730 613 2814 usquead
626 2730 797 2799 meridiem.
814 2730 873 2797 Sed
887 2731 1075 2797 Benedictus
1086 2730 1174 2797 Xlll.
1189 2733 1220 2794 et
1231 2727 1453 2794 ClemensXIl.

216 2832 412 2898 declararunt
420 2834 447 2920 ⁴)
472 2854 558 2918 posse
582 2836 708 2902 tolerari
729 2836 926 2902 latitudinem
950 2837 1062 2901 tertiae
1081 2838 1178 2919 partis
1193 2834 1285 2899 borae
1299 2835 1368 2898 tum
1383 2833 1455 2896 ante

216 2954 367 3017 auroram,
393 2940 460 3003 tum
480 2942 549 3022 post
566 2940 735 3008 meridiem.
760 2940 849 3006 Nulli
865 2940 1015 3007 sacerdoti
1030 2940 1128 3025 igitar
1145 2942 1191 3004 tas
1203 2938 1245 3003 sit
1261 2938 1318 3003 boc
1334 2940 1457 3019 tempas

217 3041 409 3123 praevenire,
438 3042 485 3107 rel
509 3046 577 3126 post
599 3046 698 3128 ipsum
724 3044 841 3110 Missae
863 3044 1101 3110 celebrationem
1125 3043 1266 3120 differre,
1291 3042 1351 3107 nisi
1376 3042 1457 3124 Apo·

215 3144 360 3211 stolicum
384 3147 498 3213 existat
519 3148 686 3217 indultum.

322 3259 371 3327 14.
403 3258 490 3325 Seria
513 3261 539 3325 V
561 3261 593 3325 in
616 3260 715 3327 Coena
740 3260 864 3327 Domini
887 3264 919 3325 et
940 3260 1076 3327 Sabbato
1106 3262 1212 3326 sancto
1235 3261 1327 3325 unica
1351 3258 1457 3337 Missa,
1482 3338 1487 3345 λ

216 3364 248 3426 et
274 3362 398 3446 quidem
426 3364 589 3445 solemnis,
624 3366 773 3431 celebrari
804 3368 906 3449 polest
932 3365 1123 3431 solummodo
1154 3366 1185 3429 in
1219 3362 1458 3429 Catbedralibns

215 3467 308 3549 atque
332 3467 362 3531 in
386 3468 522 3535 ecclesiis
545 3470 773 3553 parochialibus
795 3474 827 3535 et
850 3470 1039 3553 regularium
1063 3469 1225 3552 utriusque
1241 3487 1339 3533 serus.
1367 3466 1458 3532 reris

216 3572 318 3635 autern
345 3570 442 3637 v1m
466 3573 632 3641 Parascere
658 3574 743 3639 nulla
767 3574 866 3639 Missa
892 3574 1040 3639 celebrari
1071 3576 1189 3657 potest,
1223 3572 1282 3637 nisi
1313 3592 1349 3636 ea
1378 3588 1458 3656 qnae

217 3673 332 3739 dieitur
356 3675 706 3757 Praesanctilicatorum,
730 3680 761 3743 in
784 3698 845 3763 qua
861 3679 994 3743 sumitur
1011 3678 1129 3761 Corpus
1145 3676 1341 3743 Dominicurn
1360 3674 1458 3759 pridie

216 3780 385 3863 repositum
409 3780 438 3845 iu
462 3800 565 3865 capsa,
590 3782 627 3847 ad
651 3783 682 3847 id
706 3788 825 3867 parata,
846 3783 884 3847 de
900 3802 962 3867 qna
977 3783 1096 3848 dictum
1112 3784 1160 3847 est
1175 3782 1277 3864 cupite
1292 3780 1457 3863 superiore.

322 3894 370 3960 15.
403 3894 470 3972 Die,
494 3913 553 3977 quo
578 3896 640 3961 Nos
664 3896 856 3963 Sacrificium
880 3896 1038 3963 offerimus
1061 3896 1099 3961 ad
1123 3898 1244 3962 certum
1264 3894 1371 3973 altare,
1397 3912 1456 3992 non

216 3996 290 4061 licet
319 3996 452 4081 simplici
479 3999 631 4065 sacerdoti
659 4001 696 4065 ed
726 4002 806 4066 idern
836 4000 934 4066 altare
965 4000 1031 4065 sine
1055 4003 1159 4066 nostra
1182 3998 1308 4064 licentia
1329 3996 1456 4063 Sacrum

217 4099 326 4168 lacere.

323 4214 370 4282 ld.
399 4216 477 4279 llum
502 4216 565 4281 Nos
582 4175 763 4283 'concionem
788 4218 819 4282 in
843 4220 952 4303 quavis
972 4217 1102 4283 ecclesia
1120 4216 1313 4292 habebimus,
1333 4233 1369 4280 ac
1384 4214 1457 4279 dnm

217 4356 526 4373 *—

320 4422 346 4491 1)
366 4422 393 4477 S.
413 4424 444 4479 R.
462 4424 493 4481 G.
510 4424 543 4479 In
561 4424 706 4480 Benevent.
726 4426 766 4479 la.
784 4424 858 4493 Sept
877 4426 952 4482 itit.
970 4454 1002 4465 -—
1021 4424 1049 4494 2)
1069 4423 1134 4479 Ειᾰ.
1153 4422 1405 4479 0.ao.Jn1.1aaa
1424 4450 1456 4461 -

215 4507 243 4575 3)
266 4506 365 4564 Bened.
386 4510 457 4575 XIV,
484 4510 523 4566 De
545 4514 712 4565 sacrorancto
737 4512 836 4567 librae
860 4512 1001 4577 meudun,
1028 4511 1075 4567 lib.
1096 4510 1154 4575 111,
1180 4526 1239 4579 cap.
1258 4510 1307 4573 24,
1336 4526 1362 4564 n.
1381 4512 1406 4565 3.
1426 4540 1460 4551 -

215 4592 244 4661 4)
264 4593 325 4649 b'id.
345 4594 443 4651 Beued.
462 4596 544 4661 xlv..
562 4596 612 4665 Op.
630 4600 658 4652 et
676 4596 724 4652 loc
743 4597 790 4653 cit.
