3275 4917
842 670 904 751 m

253 828 344 911 Bitle
369 828 433 909 des
460 832 589 908 deterr.
616 826 846 927 Episcopatee
877 847 922 907 an
955 824 1012 909 Se.
1039 825 1217 926 liciliplreit
1248 848 1303 907 om
1333 828 1409 909 eine
1438 828 1496 909 Er·

253 951 464 1049 leiolrterunp
500 949 531 1027 in
568 950 700 1029 Betrell
734 950 798 1027 der
833 969 909 1027 zum
944 948 1090 1028 Zmeotre
1124 948 1187 1027 der
1221 946 1420 1031 ordination
1452 972 1495 1031 zo

523 1069 794 1151 beseballenden
823 1071 947 1149 literae
972 1070 1236 1150 testimoniales.

489 1225 591 1292 (Akten
610 1226 657 1281 der
672 1225 794 1281 bisohdd.
812 1224 993 1281 conterentem
1012 1226 1079 1281 1887
1099 1226 1146 1281 Nn.
1165 1226 1255 1295 XIII).

564 1380 748 1448 Beatissimo
769 1384 882 1449 Potor!

349 1505 391 1570 *In
414 1503 641 1570 Constitutione
666 1504 773 1569 >Sedis
792 1504 1008 1589 Apostolicae‹
1027 1504 1056 1568 d.
1070 1504 1099 1571 d.
1113 1504 1144 1570 4.
1160 1504 1235 1569 Idus
1251 1504 1392 1570 Octobris
1411 1507 1493 1571 1869

250 1610 332 1676 iuter
354 1608 573 1692 Suspensiooes
596 1628 715 1673 summo
738 1608 883 1675 Pontifici
906 1611 1079 1673 reservatas
1099 1608 1154 1673 illa
1175 1628 1294 1692 quoque
1309 1621 1493 1675 commemo-

251 1716 355 1794 ratur,
386 1732 447 1797 qua
469 1712 706 1797 Suspensi0nem
727 1713 890 1779 incurrunt
911 1732 965 1796 por
988 1732 1102 1777 antrum
1127 1714 1166 1777 ab
1189 1712 1338 1781 Ordinum
1363 1712 1494 1778 admini-

250 1819 401 1885 stratione
430 1818 608 1883 ordinantes
636 1817 795 1882 subditum
827 1818 1001 1900 proprium,
1034 1819 1086 1901 qui
1121 1817 1194 1883 olibi
1228 1820 1317 1883 tanto
1346 1820 1493 1900 temporis

250 1925 387 1988 moratus
409 1922 467 1997 sit,
500 1924 535 1987 ot
564 1922 743 1987 canonicum
776 1922 1033 2005 lmpedImcntum
1065 1923 1245 1987 contrahere
1276 1921 1317 1984 ibi
1349 1922 1493 2004 potuerit,

250 2027 365 2111 absque
388 2026 542 2092 Ordinarii
567 2027 633 2109 ejus
656 2026 715 2090 loci
737 2026 853 2091 litteris
876 2026 1149 2091 testimonlalibos.

353 2130 446 2195 Haud
468 2147 537 2194 raro
561 2129 684 2205 accidit,
709 2132 745 2195 ut
765 2130 928 2195 ordinandi
945 2130 976 2194 in
993 2129 1131 2195 Dioecesi
1147 2129 1251 2213 aliqua
1264 2132 1398 2208 externa,
1417 2130 1492 2213 quin

250 2237 281 2301 et
304 2236 335 2299 in
356 2234 496 2319 pluribus
521 2233 717 2299 Dioeoesibos
737 2234 842 2301 studia
865 2254 889 2300 s.
914 2234 1101 2319 Theologiae
1124 2234 1332 2317 praeambula,
1357 2254 1419 2311 seu,
1446 2234 1491 2299 uti

249 2338 405 2416 dicuutur,
426 2338 633 2423 gymnasialia
656 2338 860 2414 absolverint,
890 2341 922 2404 et
951 2339 1039 2421 proin
1058 2338 1091 2403 in
1115 2339 1177 2403 rim
1200 2338 1346 2403 laudatae
1371 2340 1492 2405 Consti·

249 2442 381 2509 tattonis
404 2443 529 2508 litterae
550 2442 776 2508 testimoniales
799 2465 817 2509 a
840 2443 980 2527 pluribus
1003 2443 1175 2509 OrdInariis
1194 2443 1258 2526 peti
1274 2443 1416 2510 debeant.
1449 2444 1492 2507 ll

249 2565 320 2613 nero
341 2547 417 2613 baoo
436 2546 693 2613 testimonialium
717 2547 877 2631 requisitio
898 2567 958 2614 ooo
981 2547 1078 2613 solum
1103 2549 1227 2631 propter
1249 2547 1491 2630 multiplicatam

248 2652 488 2717 ordinandorum
511 2652 542 2716 in
567 2652 705 2735 pluribus
727 2652 927 2717 Dioecesibus
951 2652 1221 2717 commorationem
1248 2651 1330 2716 houd
1364 2652 1491 2717 modicis

248 2756 388 2840 subjacet
410 2754 664 2834 difficultatibus,
688 2756 759 2834 sed,
783 2756 813 2820 io
838 2756 952 2821 nostris
972 2757 1084 2821 saltem
1107 2755 1300 2839 regiminae,
1327 2756 1363 2819 od
1387 2756 1490 2833 linem,

248 2860 301 2945 qni
324 2858 506 2937 intenditur,
530 2860 612 2925 haud
636 2860 805 2926 conducere
828 2860 957 2927 ridetur.

350 2962 428 3048 Qum
452 2963 533 3029 euim
556 2963 699 3030 alumnus
722 2964 920 3043 ordinandus,
943 2962 980 3028 de
1000 2982 1059 3047 quo
1079 2964 1192 3047 agitur,
1215 2984 1290 3047 pene
1306 2964 1429 3046 Ignotus
1450 2964 1491 3029 sit

248 3066 411 3134 Ordinatio
434 3067 510 3146 loci,
537 3069 569 3133 in
592 3087 652 3151 quo
674 3068 788 3133 stodiis
812 3070 992 3147 vacaverat,
1024 3068 1106 3133 idern
1136 3066 1318 3133 ordinarios
1345 3068 1491 3133 informa-

247 3172 346 3238 tiones
367 3191 440 3239 suas
462 3191 571 3258 capere
593 3173 685 3239 debet
707 3193 726 3239 a
748 3173 970 3257 professoribus
993 3172 1132 3239 instituti
1150 3191 1204 3238 seu
1221 3173 1385 3257 gymnasii,
1409 3172 1489 3256 apud

247 3276 328 3363 quod
349 3276 461 3343 studiis
484 3276 625 3343 incubuit
646 3278 708 3343 iste
729 3277 926 3345 ordinandus.
972 3276 1046 3343 Jam
1070 3294 1140 3342 nero
1169 3276 1216 3355 bi,
1247 3278 1320 3360 quid
1352 3276 1491 3342 sentiant

246 3382 285 3469 de
305 3400 423 3447 morum
448 3380 609 3447 honestate
633 3381 725 3463 hujus
746 3381 885 3463 juvenis,
916 3382 993 3446 satis
1023 3383 1174 3446 testatum
1204 3378 1345 3446 fecerunt
1369 3380 1401 3444 in
1422 3382 1488 3445 stu·

246 3485 365 3551 diorum
382 3484 568 3561 testimonio,
590 3484 671 3567 quod
684 3484 807 3567 juranis
824 3483 965 3549 abiturus
980 3484 1019 3549 ab
1037 3484 1182 3549 instituto
1198 3484 1326 3565 accepit,
1350 3484 1490 3569 quodque

246 3588 410 3654 Seminarii
430 3588 637 3672 superioribus
659 3607 813 3673 nonquam
839 3607 898 3653 non
920 3587 1125 3653 exhibendum
1149 3590 1206 3666 est,
1230 3591 1349 3671 quotics
1376 3589 1489 3671 aliquis

245 3692 402 3777 supplicat
429 3711 483 3776 pro
505 3694 680 3775 receptione
702 3694 733 3758 in
756 3691 973 3758 Seminarium.
1022 3694 1148 3758 Praeter
1169 3692 1253 3757 istud
1279 3692 1489 3757 testimonium

246 3797 415 3882 scripturn,
448 3796 527 3882 quod
558 3797 730 3881 aspirantes
762 3795 800 3863 ad
831 3796 969 3863 studIum
1001 3796 1210 3882 theologicum
1236 3796 1343 3861 allerrc
1366 3797 1488 3873 debent,

246 3900 486 3968 Seminationem
508 3901 675 3983 praepositi
705 3902 829 3967 nomine
859 3901 1000 3986 Episcopi
1033 3902 1066 3967 iu
1096 3900 1228 3985 singulis
1260 3902 1382 3966 casibus
1410 3902 1489 3965 alias

245 4006 370 4089 insuper
390 4006 624 4071 informationes
641 4026 753 4089 capere
777 4025 813 4072 ac
829 4007 1011 4091 praesertim
1031 4026 1050 4069 a
1066 4006 1234 4089 magistris,
1259 4006 1310 4089 qui
1327 4006 1359 4069 in
1376 4006 1489 4070 nostris

245 4110 416 4196 gymnasiis
438 4110 548 4175 docent
570 4109 762 4195 religionem,
787 4112 941 4194 inquirere
965 4111 1075 4185 solent,
1100 4110 1173 4193 quid
1195 4112 1331 4175 sentiant
1354 4110 1392 4174 de
1415 4110 1487 4175 reli·

245 4216 345 4299 gione,
369 4213 406 4278 de
428 4215 564 4280 moribus
587 4234 622 4280 ae
647 4216 683 4279 de
701 4216 860 4281 vocatione
874 4236 988 4293 eorum,
1014 4216 1066 4300 qui
1084 4234 1102 4279 a
1119 4216 1280 4299 gymnasio
1296 4216 1334 4280 ad
1351 4214 1488 4280 studium

245 4318 452 4403 theologicum
483 4318 573 4384 modo
605 4320 738 4384 transire
774 4319 963 4402 discupiunt.
1024 4319 1163 4403 Denique
1196 4319 1357 4385 multoties
1390 4318 1486 4383 etiam

245 4423 421 4489 eorumdem
444 4424 570 4506 parochi
592 4423 629 4489 de
653 4424 702 4489 bis
724 4425 815 4489 rebus
838 4424 1003 4488 informare
1026 4424 1126 4488 solent
1152 4422 1333 4506 Episcopum
1363 4422 1409 4488 rel
1432 4423 1487 4489 Se·

246 4526 370 4593 minarii
395 4528 612 4595 moderatores.

351 4632 453 4697 Rebus
475 4633 520 4697 sie
541 4631 698 4696 stantibus
721 4649 791 4696 cum
814 4633 887 4695 ante
917 4632 1015 4713 ipsam
1043 4629 1275 4695 Ordinationcm
1306 4632 1384 4695 nihil
1419 4631 1487 4696 nori
