3275 4917
152 287 159 295 ·
239 262 310 349 428Ι
344 282 529 351 Sdpmdffer,
553 280 759 349 Dcafpncftora
776 281 830 336 dea
847 279 1050 350 Nacblolqers
1068 281 1166 336 duret
1181 281 1245 336 deo
1264 278 1369 349 Pcpst

234 456 270 519 in
293 472 339 533 ao,
362 454 442 538 quod
467 452 617 538 pontificii
639 452 715 519 iuris
737 452 921 536 interpretes
944 453 974 518 in
997 455 1161 538 utramque
1184 454 1302 537 partem
1326 451 1481 537 disputas·

239 562 318 638 sout,
342 557 579 625 declarationem
604 576 664 622 nou
685 556 826 623 inutilem
851 559 986 624 futuram
1010 558 1157 624 dicerent
1189 557 1271 623 lllud
1295 558 1399 622 autem
1417 576 1481 621 nro·

92 708 96 719 ·
240 664 389 741 uuerunt,
427 664 463 729 ut
493 660 665 729 cardinales
701 661 777 727 bene
811 680 963 728 canonum
999 662 1210 745 intelligentes
1244 661 1283 727 ad
1318 658 1482 727 conliden-

238 766 312 832 dam
334 766 452 832 bullam
478 766 709 850 deputarentur.
750 768 854 850 Atque
876 767 907 830 in
931 766 1010 832 banc
1033 767 1219 832 seubntiarn
1246 765 1356 831 multis
1383 765 1479 830 ratio·

179 864 183 872 ’
239 870 331 937 nibus
356 871 505 936 Borrutus
526 870 563 955 (l)
586 888 623 937 ac
642 868 803 936 Nicolinns
826 870 960 936 breviter
981 888 1018 936 ac
1039 870 1198 954 perspicue
1221 870 1434 935 disseruerunt
1443 871 1480 953 ¹).

241 975 496 1059 Boneompagnns
518 992 554 1039 ac
576 974 738 1040 Paleottus
759 974 918 1041 decretum
943 975 1131 1058 prebebant,
1164 974 1254 1040 modo
1274 974 1381 1058 eliqua
1403 975 1482 1037 ratio

239 1079 380 1155 iniretur,
400 1098 439 1143 ne
458 1096 614 1145 successor
636 1076 714 1143 illud
738 1078 888 1163 abrogare
908 1081 1020 1163 posset.
1055 1077 1143 1160 Quod
1166 1079 1193 1144 si
1215 1077 1342 1143 difficile
1358 1077 1482 1143 rideba-

239 1184 301 1262 tur,
333 1200 420 1267 posse
447 1184 551 1249 umen
571 1200 677 1249 omnes
699 1183 857 1249 cantiones
880 1182 1038 1264 adbiberi,
1065 1202 1145 1268 qnae
1167 1184 1205 1268 (l)
1227 1183 1272 1248 rei
1296 1184 1408 1249 natura
1429 1200 1483 1267 pa·

239 1288 349 1354 tiator.
390 1287 471 1353 Nam
495 1286 555 1354 nisi
574 1287 621 1353 ita
642 1289 802 1363 careatur,
826 1287 984 1353 decretum
1007 1287 1131 1354 irritum
1154 1292 1247 1371 atque
1269 1286 1361 1353 inane
1382 1286 1482 1352 risum

240 1390 289 1471 iri,
313 1410 382 1457 cunr
405 1391 486 1457 tanti
510 1390 634 1457 sceleris
657 1393 765 1457 auctor
787 1392 883 1457 etiam
909 1390 1106 1475 abrogandae
1130 1390 1208 1475 legis
1230 1394 1338 1457 auctor
1360 1390 1484 1456 futurus

240 1497 321 1561 esset
334 1498 369 1578 2).
401 1494 558 1561 Gambara
581 1495 611 1559 in
634 1495 814 1561 memoriam
838 1495 965 1561 deduxit
986 1495 1050 1561 um
1072 1496 1192 1580 aliquot
1207 1495 1321 1579 [24ch
1338 1497 1413 1560 ante
1428 1514 1483 1560 sn·

242 1600 290 1665 nis
312 1620 330 1665 a
353 1618 474 1665 summo
497 1599 640 1683 pontifice
662 1600 694 1665 in
716 1600 898 1665 consistorio
921 1600 1114 1666 declaratum
1138 1619 1174 1666 ac
1196 1599 1355 1665 decretum
1377 1598 1483 1664 firma-

241 1706 320 1782 tum,
343 1722 381 1769 ne
400 1703 536 1788 pontifex
559 1703 655 1787 possit
675 1702 734 1769 sibi
751 1704 865 1789 eligere
880 1722 1098 1770 successorem.
1128 1704 1240 1789 Itaque
1262 1702 1483 1787 disputandum

240 1808 384 1892 relinqui,
409 1808 520 1892 quibus
541 1807 641 1875 verbis
664 1807 750 1875 bulla
765 1806 954 1873 wnflcienda
969 1808 1012 1874 sit
1031 1809 1273 1892 urendumque,
1295 1826 1333 1874 ne
1348 1806 1483 1891 pontifex

240 1911 272 1976 id
306 1910 403 1979 lacero
437 1912 544 1996 possit.
594 1910 631 1977 Id
663 1911 743 1997 quod
775 1912 993 1996 deputatorum
1025 1911 1127 1979 stadio
1159 1912 1393 1997 relinquendum
1416 1930 1483 1977 esse

241 2016 398 2084 censebat.

345 2128 392 2195 De
414 2128 659 2195 mucasuonibus
673 2128 713 2194 ad
729 2128 958 2213 beneplacitum
973 2128 1165 2207 reducendis,
1188 2129 1332 2213 quoniam
1347 2127 1484 2212 plerique

244 2233 437 2313 serebantur,
462 2250 499 2299 ne
519 2250 556 2297 es
577 2232 646 2318 lege
670 2232 880 2299 muceuiones
902 2233 934 2298 in
954 2232 1135 2299 condatorio
1155 2233 1256 2299 factae
1271 2236 1485 2299 revocarentur

242 2338 274 2403 et
296 2336 581 2403 administrationes
615 2336 794 2422 oppidorum
830 2337 1038 2403 cardinalibus
1069 2356 1249 2418 wucessae,
1283 2337 1382 2403 maier
1414 2356 1484 2421 pars

242 2442 362 2507 censuit
392 2442 603 2508 wucessiones
634 2462 652 2507 a
682 2442 967 2527 praedecessoribus
996 2444 1093 2508 lactas
1123 2445 1156 2508 et
1185 2461 1249 2508 nna
1276 2461 1347 2507 curn
1379 2459 1483 2507 eoram

244 2544 308 2611 vita
333 2547 366 2610 et
386 2564 438 2628 per
461 2546 752 2630 motum-proprium
776 2546 868 2612 Pauli
891 2546 945 2611 lV.
969 2547 1128 2624 sublatus,
1158 2564 1237 2630 quas
1262 2546 1327 2630 ipse
1350 2546 1484 2630 pontifex

243 2649 375 2727 fecisset,
398 2667 468 2713 cum
491 2650 594 2733 exigui
618 2648 765 2717 momenti
788 2653 901 2730 esmnt,
924 2668 977 2716 cas
999 2669 1018 2714 a
1039 2647 1250 2715 cardinalibus
1272 2649 1312 2713 ad
1335 2648 1368 2714 id
1389 2649 1483 2732 depu-

242 2752 347 2819 tandis
374 2753 541 2819 examinari
571 2772 660 2837 posse
689 2757 722 2819 ot
751 2752 868 2820 auditis
900 2772 1005 2820 eorum
1036 2752 1199 2819 sententiis
1227 2752 1364 2831 decerni,
1397 2770 1481 2815 revo-

242 2857 396 2923 candaeno
421 2876 460 2924 an
484 2855 671 2944 tollendae⁸)
693 2856 879 2924 riderentur.

345 2968 490 3036 Summus
512 2970 647 3053 pontifex
670 2969 785 3037 auditis
806 2973 929 3055 patrum
951 2968 1126 3047 sententiis,
1148 2968 1212 3053 qui,
1234 2986 1304 3033 curo
1325 2965 1415 3032 multi
1435 2985 1482 3032 as·

242 3079 321 3153 sant,
346 3074 478 3140 multum
495 3074 646 3141 censendo
661 3073 808 3159 temporis
825 3076 1089 3156 consumpserunt,
1112 3073 1226 3151 videor,
1248 3072 1360 3157 inquit,
1383 3089 1485 3137 errare

243 3197 302 3244 non
327 3196 414 3262 posse
431 3178 515 3244 unci
537 3180 663 3245 senatus
685 3178 812 3245 consilio
829 3179 936 3247 fultus.
959 3174 1048 3265 [245]
1072 3176 1193 3243 Deinde
1213 3176 1335 3242 addidit
1354 3174 1418 3241 fore
1433 3174 1484 3239 de·

242 3286 361 3348 cretum
384 3301 442 3348 non
466 3281 596 3360 inutile;
621 3282 727 3367 itaque
749 3282 979 3350 declaraturum
996 3281 1172 3365 pontificem
1188 3299 1248 3346 non
1266 3298 1355 3364 posse
1371 3280 1486 3364 eligere

243 3402 448 3451 successorem
465 3384 512 3450 rel
528 3385 737 3451 coadiutorem
753 3403 826 3451 cunr
841 3386 948 3450 futura
963 3384 1173 3461 comicum
1195 3387 1229 3449 ot
1242 3387 1395 3467 quatenus
1410 3400 1486 3466 opus

243 3488 303 3565 sit,
325 3488 425 3553 denuo
446 3486 652 3554 decreturum.
697 3488 745 3555 Ne
777 3489 935 3554 decretum
965 3487 1133 3572 abrogetur
1163 3487 1246 3552 baud
1268 3486 1360 3553 facile
1384 3485 1486 3552 canen

244 3610 346 3676 posse,
380 3594 540 3675 propterea
571 3591 650 3675 quod
682 3592 721 3657 ab
749 3592 900 3658 eiusmodi
931 3592 1075 3676 pontifice
1098 3590 1272 3657 cardinales
1294 3609 1332 3656 ne
1351 3590 1395 3676 (t)
1417 3589 1485 3673 cogi

243 3698 368 3780 possent
390 3693 521 3779 legibus.
552 3694 669 3762 Tamen
692 3696 766 3762 addi
786 3696 983 3781 pontificibus
1001 3696 1215 3762 verecundiam
1230 3698 1264 3761 et
1278 3694 1487 3760 cardinalibus

243 3799 281 3865 ad
306 3798 510 3865 resistendum
533 3800 705 3869 audaciam.
740 3800 850 3885 ltaque
873 3801 1047 3867 cardinales
1069 3800 1108 3865 ad
1133 3799 1250 3865 bullarn
1265 3798 1485 3865 conficiendam

242 3904 474 3988 deputaturum.

347 4130 375 4201 a)
394 4130 472 4187 Wohl
491 4130 649 4187 tolerandae
665 4147 697 4186 xa
717 4132 800 4188 lesan.

244 4426 269 4481 N
328 4344 375 4482 l'll'
392 4341 481 4398 Uebar
499 4341 552 4398 den
575 4341 702 4399 cardual
721 4342 854 4399 Boaxatae
876 4341 1045 4399 Oioeontua
1062 4340 1122 4406 111,
1137 4341 1189 4397 948
1207 4356 1230 4397 s.
1265 4338 1335 4395 lbid.
1352 4340 1405 4395 aas
1423 4336 1489 4393 uber

272 4444 444 4589 10ωιὲἶὶλί·
460 4521 587 4578 Osxdinal
608 4520 829 4591 Boncampsgnus
853 4522 891 4576 ist
914 4520 963 4577 der
983 4518 1155 4589 ascbraalige
1172 4521 1259 4589 Papat
1278 4518 1385 4589 ungor
1402 4518 1481 4573 xm.

241 4604 328 4661 Usber
347 4608 393 4662 ibo
412 4608 466 4663 und
485 4607 610 4663 Paleotto
627 4607 682 4678 agl.
708 4608 825 4663 Wetser
842 4607 898 4662 aad
922 4606 1038 4664 Wolte'a
1058 4606 1283 4662 ilircbeolaxikorr
1300 4622 1323 4661 s.
1338 4605 1386 4660 bb.
1407 4620 1448 4660 rr.
