3275 4917
508 266 586 321 Pars
604 266 755 321 comenda:
778 264 822 321 De
840 265 1056 321 sacramentis.
1336 248 1399 314 437

19 434 22 475 ⁷
159 438 347 525 regularium
382 437 515 504 virerum
553 437 605 521 qui
643 436 818 521 legitimam
856 436 1023 503 confitendi
1061 441 1188 521 peccata
1224 457 1281 504 sua
1314 441 1402 504 extra

159 544 314 629 proprium
338 542 484 609 Ordinem
509 559 568 606 non
592 540 727 607 babeant
749 540 920 606 licentiam.

262 648 292 713 9.
325 645 512 712 Confessarii
540 664 598 710 nou
627 645 771 710 desinant
801 663 838 710 ex
868 645 1006 729 probatis
1027 646 1205 711 auctoribus
1227 648 1259 712 ef
1278 666 1313 713 cr
1336 647 1400 711 col·

19 758 21 797 l
160 751 364 819 locutionibus
385 768 455 815 cum
478 748 672 815 confessariis
696 748 885 815 doctioribus
908 750 1112 815 necessarium
1127 750 1166 815 ad
1184 750 1304 815 animas
1320 754 1402 816 reete

19 864 21 903 l
159 856 362 923 moderandas
385 854 547 920 scientiam
572 852 633 918 sibi
655 871 843 937 comparare.
867 852 1008 920 Oareaut
1027 855 1131 920 summ
1148 874 1168 920 c
1183 854 1291 939 rigidis
1307 874 1403 939 aeque

19 986 20 989 ¹
158 980 194 1026 ao
214 980 233 1025 a
255 961 334 1026 laxis
357 957 569 1043 opinionibus;
596 956 751 1023 ferventer
773 957 1010 1042 frequenterque
1030 958 1134 1023 lumen
1155 961 1265 1043 petant
1285 977 1304 1023 a
1330 960 1401 1039 Dec,

158 1067 190 1130 et
213 1065 244 1130 in
268 1062 509 1130 abstrusioribus
524 1061 647 1127 casibus
662 1062 863 1128 confcsmrics
880 1061 1092 1146 prudentiores
1107 1064 1271 1129 consulant
1286 1065 1322 1128 ut
1336 1066 1400 1130 tam

158 1167 287 1234 difficile
310 1184 422 1233 munus
443 1166 503 1232 rite
525 1166 646 1249 explere
669 1166 804 1232 valeant.

267 1272 315 1340 10.
339 1272 416 1337 Pras
438 1270 536 1337 oculis
552 1270 688 1336 hument
703 1288 792 1336 casus
809 1272 842 1336 et
856 1288 1002 1336 censuras
1019 1272 1087 1335 tum
1106 1271 1301 1355 apostolicae
1317 1272 1401 1350 Sodi,

159 1379 227 1442 tum
251 1376 347 1441 Nobis
370 1376 549 1452 reservatus,
573 1375 607 1440 et
624 1374 805 1459 praesertim
829 1393 866 1440 aa
884 1393 962 1457 quae
979 1374 1010 1440 iu
1027 1375 1227 1441 mulessurios
1243 1376 1283 1440 ad
1299 1378 1404 1461 turpia

160 1480 364 1547 sollicitantes
387 1480 567 1546 statuerunt
590 1479 693 1562 plures
719 1478 897 1556 Pontifices,
922 1478 1083 1563 prassinus
1104 1477 1275 1564 Gregorius
1297 1480 1365 1547 XV.
1380 1482 1404 1566 ι)

160 1588 193 1651 et
218 1584 401 1651 Benedictus
424 1583 509 1649 xlv.
520 1586 564 1667 ¹);
587 1602 727 1668 quaeque
741 1583 807 1667 ipse
825 1584 1012 1649 Benedictus
1028 1584 1113 1651 XIV.
1125 1586 1152 1668 ⁸)
1173 1585 1206 1650 et
1222 1584 1295 1649 Pius
1310 1583 1365 1649 lll.
1376 1586 1404 1669 ⁴)

160 1692 327 1755 sanxerunt
348 1689 380 1752 in
403 1686 604 1754 confessarios
627 1687 806 1772 complicem
829 1688 860 1752 in
884 1690 1013 1771 peccato
1032 1690 1141 1753 contra
1162 1691 1284 1753 sextum
1306 1689 1403 1753 Deca-

160 1793 224 1876 logi
245 1795 445 1877 praeceptum
468 1794 642 1876 perpetrato
664 1791 876 1867 absolveras:
908 1797 961 1877 qui
983 1791 1300 1859 excommunicatione
1320 1792 1404 1859 latae

161 1896 333 1963 sententiae
352 1895 549 1975 irretiuntur,
580 1894 689 1980 speiali
720 1896 809 1963 mode
833 1914 958 1963 romano
982 1896 1125 1963 Pontifici
1146 1899 1325 1974 reseruata3
1350 1917 1404 1963 uec

161 2020 220 2067 nou
243 2020 321 2085 quae
344 2000 516 2067 Concilium
541 2000 745 2067 lateranense
766 2000 820 2067 lv.
843 2001 957 2067 statuit
987 2005 1095 2068 contra
1124 2000 1326 2067 confesarius
1354 2020 1403 2067 sa-

160 2104 360 2171 cramentalis
387 2104 484 2189 sigilli
516 2104 689 2171 violatores.
739 2105 907 2171 dbselrerc
941 2107 1047 2171 auten
1077 2107 1309 2189 praesumentes
1337 2107 1404 2170 eine

161 2209 268 2276 debita
297 2209 464 2287 facultate,
497 2208 592 2275 etiam
626 2209 734 2293 quovis
765 2211 939 2293 praetextu,
968 2210 1007 2275 ab
1039 2210 1405 2275 excommunicationibus

162 2332 287 2380 romano
307 2312 452 2378 Pontifici
473 2312 601 2396 speciali
625 2312 714 2378 modo
738 2314 912 2388 reservatis,
934 2312 1404 2393 excommunicationissinculc

162 2418 261 2484 eidern
283 2416 429 2484 Pontifici
450 2418 625 2483 reservatae
648 2436 680 2481 se
707 2416 870 2483 innodams
899 2436 967 2484 esee
996 2417 1115 2497 sciant,
1146 2416 1312 2483 dummodo
1345 2438 1403 2484 non

162 2526 277 2606 agatur
300 2520 338 2587 de
362 2520 470 2587 mortis
493 2519 640 2599 articulo,
664 2520 697 2586 in
719 2540 779 2606 quc
801 2522 905 2588 tamen
929 2521 1017 2587 firma
1039 2524 1165 2588 maneat
1187 2522 1288 2605 quoad
1311 2522 1402 2589 abso·
1472 2530 1474 2532 ’

162 2625 244 2691 lutos
266 2624 417 2710 obligatio
439 2624 601 2691 obediendi
627 2625 781 2692 mandalis
807 2626 973 2707 Ecclesiae,
996 2626 1023 2693 si
1047 2626 1259 2693 convaluerint
1269 2628 1305 2711 ⁶).

268 2728 318 2796 11.
356 2730 455 2797 Nemo
485 2733 608 2808 autern,
638 2730 780 2814 quamvis
809 2730 997 2815 impediatur
1019 2732 1182 2816 quominus
1203 2730 1406 2815 personaliter

163 2834 294 2900 mnam
313 2835 420 2912 odeat,
451 2836 556 2899 mmen
585 2853 604 2899 c
631 2834 753 2901 casibus
780 2837 811 2900 et
834 2835 972 2901 masuris
994 2854 1116 2901 summo
1142 2834 1285 2900 Pontifici
1308 2854 1403 2900 resur·

163 2938 244 3004 vatis
265 2937 381 3003 absclri
404 2938 505 3021 puteat
527 2937 594 3002 sine
617 2938 742 3020 speciali
765 2937 901 3016 indulto,
929 2941 1143 3023 praeterquam
1166 2938 1199 3003 in
1223 2940 1333 3004 mortis
1355 2958 1405 3003 ar·

161 3042 276 3119 ticulo;
305 3040 434 3125 ideoque
463 3040 503 3106 ad
534 3058 655 3107 sacram
688 3041 961 3108 Poenitentiariam
985 3043 1201 3109 recurrendum
1223 3047 1289 3121 est,
1312 3044 1405 3126 atque

163 3148 202 3211 ab
232 3145 287 3211 illa
317 3146 374 3210 bac
399 3144 438 3212 de
460 3163 493 3209 re
515 3144 694 3229 accipienda
722 3148 797 3211 aunt
827 3145 974 3212 mandata
1000 3149 1033 3211 et
1059 3145 1260 3213 conditiones.
1305 3149 1348 3212 At
1372 3147 1404 3212 in

162 3250 285 3317 casibus
306 3266 375 3315 vere
398 3249 597 3333 urgentibus,
626 3250 656 3315 iu
685 3249 796 3333 quibus
819 3249 973 3316 absolutio
995 3249 1111 3316 differri
1134 3256 1268 3335 nequeat
1290 3252 1406 3335 absque

163 3354 299 3439 periculo
313 3353 425 3437 ⁴grauis
447 3354 586 3420 scandali
610 3353 657 3419 vel
676 3354 823 3419 infamiae
844 3353 950 3441 (super
972 3374 1032 3439 quc
1054 3355 1309 3421 mulessariorum
1332 3374 1405 3421 cou-

162 3458 293 3524 scientia
314 3456 488 3543 cueratur),
511 3457 579 3523 dari
604 3460 706 3541 potest
727 3458 898 3537 absolutio,
919 3458 1069 3525 iniunctis
1091 3459 1129 3525 de
1150 3460 1217 3525 inte
1239 3459 1403 3544 iniungen-

163 3562 225 3641 dis,
248 3580 267 3626 a
290 3561 427 3627 censuris
450 3560 545 3627 etiam
570 3561 697 3646 speciali
722 3562 811 3629 modo
832 3580 959 3629 romano
979 3562 1123 3629 Pontifici
1143 3562 1326 3643 reservatis,
1348 3564 1405 3629 sub

164 3682 260 3749 mena
282 3666 386 3731 temen
409 3666 521 3731 iterum
546 3666 701 3733 incidendi
724 3667 755 3731 in
778 3666 900 3734 easdem
923 3686 1087 3745 cenamus,
1110 3666 1170 3733 nisi
1192 3668 1304 3733 saltem
1325 3666 1407 3733 iufra

163 3786 300 3835 mensem
323 3788 376 3853 per
398 3770 617 3836 confessarium
640 3769 680 3836 ad
701 3790 820 3837 sacram
844 3770 1119 3838 Poenitentiariam
1140 3790 1282 3838 recursus
1303 3772 1404 3858 fiatf).

267 3874 318 3941 12.
341 3872 448 3954 Quoad
468 3873 671 3941 sollicitantes
696 3892 862 3960 eorumque
883 3874 1154 3955 denuntiationes,
1172 3876 1349 3943 malassarii
1372 3894 1405 3940 se

163 3979 274 4063 gerant
295 3977 335 4043 ad
359 3978 489 4044 formam
511 3978 725 4045 instructionis
746 3997 907 4063 supremae
932 3980 1162 4064 Inquisitiouis,
1192 3980 1325 4065 quaein
1349 3998 1404 4063 ap·

162 4081 289 4164 pendics
313 4082 404 4148 buius
423 4080 538 4168 Synodi
561 4082 706 4149 afferetur
726 4104 756 4150 n.
773 4083 827 4149 Vl.
850 4083 909 4150 Sed
931 4084 1031 4169 quoad
1054 4086 1213 4168 complicis
1235 4083 1404 4150 absolutio·

163 4204 243 4354 gem,
268 4184 460 4253 solummedo
480 4205 533 4270 per
556 4188 774 4254 confessarium
796 4207 867 4255 cum
889 4206 978 4256 sacra
1001 4188 1245 4255 Poenitentiaria
1267 4189 1404 4255 tractan-

186 4308 237 4353 um
261 4292 319 4356 est.

268 4447 294 4515 l)
312 4446 404 4504 const.
432 4450 576 4506 linteam
608 4450 766 4505 Dcmtntct
794 4452 907 4521 propte.
936 4476 971 4488 -
996 4448 1026 4519 d)
1049 4448 1141 4505 cenat
1168 4448 1406 4505 Sacramentum

164 4532 389 4591 Poenitentice.
408 4564 442 4575 -
459 4537 487 4603 3)
505 4534 574 4590 ibid.
593 4564 625 4575 -
644 4532 735 4591 Cenat.
752 4534 889 4607 Apostef.
901 4537 999 4591 Sedu.
1011 4564 1042 4574 -
1059 4534 1237 4605 5)Pius1ll.,
1255 4534 1347 4591 Cenat.
1359 4535 1405 4591 eit.

162 4616 190 4687 a)
208 4616 234 4674 S.
253 4617 284 4675 Ο.
302 4620 346 4677 die
363 4622 406 4679 30.
424 4622 487 4678 Jun.
508 4621 584 4677 1886.
