3275 4917
180 247 323 315 sponsas
336 246 535 302 lassor-samir
546 252 574 303 et
585 246 727 302 Prolem.
736 247 860 301 masaa.
876 248 955 302 Pura
966 248 1115 302 remane:
1132 246 1176 303 Dc
1185 263 1318 301 sacram.
1359 229 1418 295 431

161 420 291 497 vanas,
315 421 348 484 et
370 418 493 502 quidem
517 421 666 499 recentes,
690 438 814 485 suorum
832 419 1075 498 ordinariorum,
1099 420 1130 483 in
1149 420 1241 485 (luda
1257 420 1422 505 episcopali

178 522 396 610 ostraceum),
428 524 479 589 ubi
510 523 638 591 licentia
670 524 846 589 celebrandi
876 522 991 607 scripto
1016 523 1160 600 debitum
1190 527 1223 589 et
1251 526 1420 608 antequam

180 628 256 693 baec
278 626 368 693 detur
390 628 526 708 licentia,
550 647 603 712 per
622 630 687 695 tres
710 627 784 707 dies,
809 628 837 695 si
860 627 892 693 in
915 627 978 695 alio
1001 628 1068 693 loco
1086 627 1278 695 Dinecesium
1294 627 1420 713 degant,

179 730 224 797 eis
246 730 401 797 celebrare
422 732 541 800 licebit.

282 836 312 903 4.
339 836 485 902 Vetamus
508 838 623 914 autem,
647 854 684 901 ne
707 836 885 903 sacerdotes
911 836 941 901 in
965 835 1094 902 urbibus
1117 834 1165 900 vel
1187 835 1218 898 in
1238 833 1424 899 suburbanis

180 938 255 1007 vitis
276 946 499 1007 commorantes
522 940 650 1007 Sacrum
676 941 790 1005 iaciant
812 940 879 1005 sine
902 941 987 1007 veste
1016 939 1126 1017 talarir
1162 958 1255 1024 quam
1287 938 1332 1004 eis
1362 958 1422 1004 non

179 1044 286 1109 licebit
307 1044 433 1109 induere
466 1046 496 1110 in
526 1046 661 1111 sacrario
693 1049 750 1110 aut
775 1044 806 1110 in
830 1045 922 1109 domo
943 1042 1078 1110 sacrario
1099 1043 1256 1127 contigua.
1303 1043 1422 1108 Licebit

181 1167 251 1213 veru
273 1149 483 1215 sacerdotibus
506 1150 659 1216 ruralibus
679 1155 711 1215 et
727 1150 854 1215 advenis
870 1148 902 1214 in
918 1149 1056 1215 ecclesiis
1073 1148 1195 1213 urbium
1210 1150 1243 1214 et
1260 1146 1421 1213 suburbio·

181 1271 249 1317 rum
273 1252 401 1318 Missam
423 1254 596 1335 celebrare,
621 1254 744 1319 etiamsi
769 1253 853 1319 brevi
879 1253 997 1332 babitu,
1019 1252 1141 1317 decenti
1164 1255 1286 1330 tamen,
1320 1252 1420 1317 induti

180 1356 261 1433 siut;
284 1357 332 1422 sin
357 1358 467 1437 mlum.
489 1360 627 1426 tunicam
652 1359 793 1436 talarem,
816 1358 909 1441 vulgo
929 1358 955 1424 il
976 1358 1106 1435 riallac,
1130 1356 1271 1423 induant.
1302 1356 1424 1422 Licebit

180 1480 300 1545 quoque
323 1462 407 1527 brevi
432 1462 538 1528 babitu
562 1462 774 1529 sacerdotibus
798 1464 846 1527 uti
869 1461 921 1545 qui
945 1462 982 1525 ad
1000 1461 1146 1527 ecclesias
1162 1464 1218 1526 aut
1233 1460 1271 1523 ad
1287 1463 1423 1526 creterra

180 1564 347 1650 longinqua
370 1585 402 1631 sc
425 1566 587 1633 conterunt
606 1567 736 1633 Sacrum
757 1565 900 1632 facienda
921 1584 1023 1632 cansa.

283 1672 314 1735 5.
338 1670 522 1737 Mandemus
543 1671 676 1755 insuper,
700 1675 735 1736 ut
753 1672 870 1737 vestem
894 1670 1024 1735 talarem
1048 1672 1158 1754 gerant
1177 1669 1210 1733 in
1234 1668 1357 1752 propria
1371 1688 1420 1735 ec-

180 1773 274 1839 clesia
297 1774 394 1841 etiam
416 1775 541 1859 parochi
564 1776 681 1841 rurales
697 1775 769 1841 durn
786 1774 915 1841 lllisaam
934 1774 1092 1839 celebrant
1108 1775 1140 1839 et
1153 1773 1233 1839 allas
1248 1772 1421 1839 functiones

180 1878 349 1961 peragunt3
370 1880 450 1963 quod
471 1882 627 1962 praestare
648 1880 802 1945 debebunt
823 1877 918 1944 etiam
934 1897 1039 1944 eorum
1056 1877 1217 1961 capellani,
1239 1877 1314 1942 siin
1331 1878 1421 1942 dorne

180 1981 352 2048 canonicali
375 1986 429 2079 aut
451 1984 483 2048 in
506 1984 568 2049 alia
590 1983 739 2051 ecclesiae
763 1983 901 2067 proxima
922 1985 1158 2048 commorentur.

285 2087 314 2155 6.
339 2086 502 2153 celebrare
524 2090 628 2154 autern
655 2106 713 2153 non
734 2088 847 2172 potcrIt
862 2086 1004 2152 sacerdos
1017 2088 1070 2171 qui
1090 2087 1211 2153 tibialia
1227 2092 1316 2171 gerat
1330 2106 1422 2169 super

181 2190 399 2257 calceamentis
431 2192 568 2275 prolata,
605 2211 684 2277 quae
711 2191 804 2277 vulgo
828 2191 1023 2275 appellantur
1051 2192 1212 2277 plattam
1243 2210 1339 2277 neque
1369 2192 1422 2256 illc

181 2293 268 2361 nnius
290 2294 321 2359 in
347 2295 447 2381 capite
470 2315 531 2363 non
553 2297 660 2381 pateat
681 2298 819 2375 tonsura,
846 2314 899 2361 nec
920 2295 972 2380 qui
988 2299 1145 2379 comptam
1163 2296 1276 2360 lrabeat
1290 2315 1421 2363 comam.

180 2398 369 2479 Quaeomnia
400 2400 650 2467 animadvertant
683 2402 817 2467 rectores
848 2400 1046 2467 ecclesiarum
1079 2405 1111 2465 et
1140 2400 1279 2477 aeditui;
1310 2418 1421 2482 eosque

179 2503 232 2586 qni
253 2503 329 2569 baec
352 2503 515 2588 negligant
538 2505 637 2583 iussa,
669 2504 707 2570 ad
739 2502 852 2570 Missae
880 2503 1119 2569 celebrationem
1151 2522 1211 2569 non
1242 2504 1421 2581 admittant,

180 2626 218 2671 ne
241 2606 369 2673 alterins
391 2612 587 2692 peccatorum
611 2608 776 2693 participes
800 2608 887 2673 fiant.

284 2710 313 2777 7.
337 2711 396 2779 Sed
419 2712 449 2776 in
474 2713 582 2797 pslmis
604 2712 778 2779 sacerdotes
800 2711 929 2778 Sacram
951 2711 1066 2777 facturi
1089 2712 1220 2796 probent
1240 2711 1367 2796 seipsos,
1390 2715 1422 2777 et

179 2815 203 2879 si
228 2814 288 2881 sibi
311 2816 423 2882 conscii
448 2816 512 2883 sint
536 2817 674 2883 mortalis
698 2818 826 2899 peccati,
850 2815 1049 2900 quantuvas
1072 2815 1130 2880 sibi
1152 2815 1277 2881 contriti
1297 2814 1419 2880 videan-

179 2920 241 2995 tur,
273 2919 349 2983 illud
381 2938 433 3001 per
462 2921 719 2986 sacramentalem
749 2920 879 2984 abluant
909 2918 1142 2986 confessionem.
1188 2919 1274 3001 Quod
1306 2920 1333 2985 si
1364 2940 1420 2984 non

180 3021 315 3087 babeant
325 3024 451 3107 copiam
468 3023 653 3101 confessarii,
679 3022 863 3088 necessitate
887 3025 1027 3107 urgente,
1047 3022 1219 3101 celebrent;
1243 3023 1295 3088 sed
1312 3043 1421 3108 quam·

180 3126 314 3209 primum
336 3125 540 3191 confiteantur
551 3129 587 3210 ³).

283 3229 312 3297 8.
348 3229 465 3296 Carent
490 3233 595 3297 autem
623 3232 672 3308 ut,
704 3230 787 3295 curia
822 3230 1034 3295 saecularibus
1067 3231 1273 3314 postbabitIs,
1307 3231 1421 3298 Missae

178 3332 376 3400 celebrationi
399 3336 458 3401 rite
481 3354 512 3401 se
535 3335 729 3419 praeparant,
754 3353 850 3419 eaque
874 3334 1035 3414 absoluta,
1067 3335 1241 3420 gratiarum
1268 3321 1419 3402 actionem

180 3458 239 3505 non
267 3438 433 3518 omittaut;
466 3439 497 3505 in
526 3459 585 3525 qua
616 3440 814 3506 vehementer
847 3443 991 3523 optamus
1025 3440 1063 3504 ut
1098 3439 1210 3505 saltem
1246 3458 1300 3524 per
1329 3440 1421 3507 horae

179 3542 382 3628 quadrantem
407 3547 616 3628 permaneant.

283 3648 314 3714 9.
347 3646 415 3713 Non
439 3648 510 3714 lctis
534 3650 675 3715 manibus
697 3668 754 3713 non
778 3648 954 3725 celebrent,
985 3648 1109 3714 etiamsi
1131 3648 1223 3731 paulo
1245 3652 1316 3715 ante
1338 3649 1421 3715 domi

180 3750 228 3817 vel
251 3750 326 3815 alibi
349 3770 401 3818 eas
424 3752 595 3833 abluerint;
618 3753 749 3837 quaein
774 3752 872 3817 Missa
896 3753 1026 3836 legenda
1048 3756 1130 3833 sunt,
1155 3753 1336 3837 pervideant
1351 3753 1420 3818 Gol-

180 3854 336 3940 lectasque
359 3856 533 3941 signent⁴);
567 3856 675 3921 deinde
705 3856 801 3923 sacris
832 3857 969 3923 vestibus
1001 3860 1175 3923 reverenter
1198 3857 1365 3941 devoteque
1388 3876 1421 3923 se

178 3959 328 4037 induant;
359 3963 392 4026 et
414 3960 536 4026 demum
561 3979 598 4026 ea
618 3980 678 4043 qua
698 3980 752 4044 par
779 3963 829 4026 est
851 3960 1007 4046 gravilate
1030 3965 1063 4026 et
1087 3960 1238 4026 modestia
1259 3960 1297 4025 ad
1322 3960 1420 4028 altare

179 4082 211 4129 se
234 4063 402 4130 conferant.

285 4168 334 4233 10.
360 4168 557 4234 Memineriut
579 4172 682 4234 autern
708 4168 784 4233 nulli
808 4169 959 4235 sacerdoti
983 4169 1075 4236 licere
1099 4170 1130 4235 in
1152 4168 1266 4235 Missae
1282 4168 1418 4236 celebra·

177 4270 261 4337 tione
285 4272 440 4338 caliendro
456 4291 508 4361 sen
526 4292 613 4338 coma
628 4273 751 4351 ficticia,
777 4273 869 4358 vulgo
887 4294 1059 4355 purascere,
1081 4274 1128 4339 uti
1152 4274 1218 4340 sina
1241 4274 1419 4356 Apostolica

284 4431 309 4499 1)
325 4429 406 4486 Cone.
425 4429 497 4485 Trid.
516 4448 579 4487 sess.
593 4429 683 4494 XXII,
702 4428 806 4487 Decret.
825 4428 859 4484 de
877 4428 1049 4484 observandis
1064 4433 1092 4485 et
1104 4430 1239 4485 evitandis
1253 4430 1281 4484 ln
1293 4429 1420 4487 celebrat.

178 4516 285 4572 Missae.
298 4546 331 4555 -
342 4516 369 4586 2)
380 4516 485 4573 Hearic.
498 4516 618 4584 Riualitas,
632 4516 717 4586 llpist.
729 4519 829 4585 pastor.
845 4516 884 4570 Dc
896 4515 1042 4571 ecclesiast
1054 4515 1158 4588 discipl.
1171 4548 1205 4557 -
1215 4520 1245 4586 3)
1257 4518 1337 4575 Cone.
1346 4516 1419 4573 'I'rivl

178 4620 242 4659 sess.
261 4602 344 4669 XIII,
365 4620 421 4674 cap.
441 4606 465 4659 7.
489 4634 523 4643 -
546 4606 572 4673 ll
593 4605 667 4661 lliss.
685 4604 761 4659 Rom.
781 4602 860 4658 Ritus
882 4600 1004 4659 servand.
1023 4603 1051 4659 in
1069 4604 1195 4660 celebrat.
1218 4605 1330 4671 Iliacae,
1348 4621 1376 4660 a.
1393 4604 1420 4661 1.
