3275 4917
245 154 310 219 450
493 174 636 241 synodus
656 177 857 233 veromam
876 182 904 233 et
926 176 1086 232 marenae
1104 193 1134 232 a.
1153 178 1237 233 1892.

246 348 435 414 Matrimonii
456 348 691 414 celebrationem
715 348 746 415 in
769 350 877 414 eadem
900 350 1081 416 cohabitent
1096 350 1240 435 domo¹);
1264 350 1296 415 id
1312 352 1392 416 enim
1412 352 1499 417 mali

244 453 373 537 exempli
398 473 444 520 res
467 458 514 519 est
536 456 568 519 et
590 472 680 536 saepe
703 454 934 538 quamplurium
958 454 1111 521 malorum
1134 454 1329 540 principium.

350 558 400 623 ll.
420 558 594 643 Antequam
619 576 688 623 vero
710 557 958 624 denuntiationes
981 559 1019 624 de
1034 558 1168 625 ineundo
1185 559 1384 626 Matrimonio
1399 560 1495 637 bant

244 661 395 745 parochus
420 664 507 727 »tum
530 680 684 745 sponsum,
709 666 774 729 tum
797 680 941 747 sponsam
964 681 1101 729 seorsum
1123 668 1214 729 caute
1236 665 1278 741 at,
1303 667 1338 729 ut
1359 664 1496 740 dicitnr,

244 764 282 831 ad
307 784 395 832 aures
417 766 574 850 explorare
592 766 729 841 studeat,
752 788 791 833 an
813 771 922 851 sponte
944 787 981 834 ao
1004 768 1137 835 libenter
1159 770 1192 835 et
1214 786 1284 833 cum
1302 768 1398 834 animi
1415 788 1495 832 eun·

244 887 335 934 sensu
358 869 390 934 in
412 868 611 937 Matrimonia
635 871 770 937 vicissim
790 872 1015 957 corriugantnr,
1050 891 1107 938 nec
1129 892 1206 951 nen,
1238 876 1387 955 quantum
1419 872 1492 936 lieri

244 975 364 1055 potest,
386 972 539 1058 inquirere
563 974 698 1054 nitatur,
722 975 822 1041 ullum
844 996 897 1052 ne,
922 979 954 1042 et
975 976 1063 1043 cuius
1085 976 1209 1061 generis
1230 974 1492 1059 impedimentum

245 1078 326 1143 inter
348 1096 399 1143 eos
422 1077 592 1145 intercedat
603 1078 627 1165 ¹)
640 1104 668 1161 l‘
700 1080 725 1144 si
757 1079 830 1163 quid
855 1083 960 1145 autem
984 1081 1101 1163 nuptiis
1123 1080 1246 1146 obstare
1266 1077 1493 1164 deprehendat,

244 1180 274 1245 id
300 1180 337 1244 ad
362 1180 425 1247 Nos
448 1182 496 1247 vel
519 1182 557 1247 ad
579 1185 717 1250 nostrum
739 1183 898 1250 vicarium
921 1184 1097 1269 generalem
1120 1185 1249 1252 deierat.
1285 1182 1416 1249 Eosdem
1436 1182 1490 1246 in·

244 1304 335 1368 super
356 1303 482 1368 sponsos
511 1287 690 1373 interroget,
723 1308 794 1353 num
826 1288 898 1353 tidei
932 1289 1107 1355 rudimenta
1137 1288 1293 1365 calleant;
1325 1288 1382 1352 boc
1403 1286 1491 1351 enim

245 1387 366 1455 vinculo
389 1388 534 1473 iungendi
557 1409 618 1455 nun
640 1392 714 1457 sunt
735 1392 786 1477 qui
811 1392 1093 1475 deprehendantur,
1124 1411 1162 1458 ea
1191 1411 1271 1477 quae
1293 1391 1330 1456 ad
1351 1390 1489 1455 salutem

246 1493 417 1559 necessaria
447 1495 536 1572 sunt,
569 1496 710 1579 ignorare
723 1495 758 1579 θ).
803 1494 912 1579 siqui
937 1494 1112 1561 huiusmodi
1135 1494 1276 1561 laborent
1300 1494 1489 1579 ignorantia,

246 1598 395 1680 parrochus
416 1616 466 1663 eos
489 1602 614 1681 paterna
638 1598 746 1667 doceat
769 1599 935 1667 charitate.

352 1702 398 1766 12.
427 1702 600 1781 Praeterea,
624 1704 675 1768 ubi
697 1722 772 1786 opus
798 1703 901 1782 tuerit,
924 1703 1000 1768 illud
1025 1722 1085 1768 non
1108 1703 1337 1785 praetermittat
1352 1719 1490 1778 monere,

244 1804 325 1887 quod
348 1807 382 1870 ut
405 1804 609 1883 filiifamilias,
632 1808 660 1873 si
683 1811 826 1890 parentes
849 1808 934 1874 iusta
956 1807 994 1873 de
1017 1826 1109 1873 causa
1126 1806 1360 1871 Matrimonium
1376 1806 1490 1871 adrer-

245 1910 360 1986 sontur,
382 1908 458 1973 illud
484 1909 561 1976 inira
582 1930 640 1977 nou
665 1912 788 1989 debent,
817 1913 862 1978 sic
886 1916 1027 1996 parentes
1050 1912 1184 1977 liliorum
1207 1910 1405 1977 Matrimonia
1429 1908 1488 1972 ob-

245 2014 354 2077 sistere
379 2032 436 2079 non
452 2014 564 2081 debent
584 2016 649 2080 sine
673 2035 767 2082 causa
783 2016 874 2094 iusta,
897 2035 1008 2100 eosque
1023 2017 1142 2094 doceat,
1158 2014 1372 2079 l'ridentiuam
1388 2010 1488 2096 Synn-

245 2116 354 2201 dum‘t
383 2118 535 2198 omnibus,
565 2120 784 2203 cuiuscumque
807 2121 938 2205 medus,
970 2120 1142 2206 dignitatis,
1164 2121 1196 2184 et
1225 2116 1410 2184 conditionis
1436 2133 1491 2179 ex-

244 2222 368 2298 sistant,
391 2222 449 2287 sub
471 2222 679 2289 anathematis
702 2242 798 2309 poena
820 2226 886 2308 ipso
902 2224 984 2289 iacto
1005 2222 1202 2303 incurrenda,
1225 2221 1426 2307 praecepisse,
1449 2237 1490 2283 ne

245 2325 352 2408 quovis
376 2326 465 2391 morlo
487 2327 603 2394 directe
630 2327 679 2393 vel
706 2329 830 2412 oblique
852 2328 992 2394 subditos
1014 2347 1085 2394 suos
1109 2326 1156 2393 rel
1179 2344 1387 2411 quoscumque
1409 2322 1491 2387 ulios

245 2428 426 2513 impediant,
449 2432 612 2515 quominus
632 2433 728 2498 libere
752 2433 985 2498 Matrimonium
1009 2434 1205 2498 contrabant.

353 2535 401 2601 13.
426 2534 623 2601 Praedictum
647 2539 751 2603 autern
776 2537 947 2603 Concilium
977 2537 1090 2603 statuit
1099 2538 1124 2619 ὅ)
1158 2539 1212 2600 »ut
1230 2540 1394 2618 antequam
1418 2531 1489 2596 Ma·

246 2638 425 2703 trimonium
449 2640 670 2715 contrabatur,
701 2644 748 2705 ter
774 2642 933 2725 aproprio
956 2640 1204 2706 contrabentium
1230 2637 1361 2722 parocho
1385 2636 1490 2701 tribus

246 2742 398 2807 ccrrtinuis
422 2741 530 2807 diebus
553 2744 672 2809 testinis
695 2745 726 2808 in
751 2745 882 2810 ecclesia
904 2745 986 2810 inter
1010 2745 1177 2810 Missurum
1201 2742 1350 2809 solemnia
1365 2738 1488 2824 publice

246 2846 460 2925 rlerruntietur,
492 2847 572 2913 inter
601 2866 676 2931 quos
699 2848 931 2914 Matrimonium
955 2849 998 2915 sit
1021 2848 1294 2921 contrahendum«
1322 2845 1487 2910 tornrulam
1586 2891 1587 2900 ,

245 2951 420 3017 adhibendo
441 2972 459 3016 a
481 2951 597 3016 liituali
619 2972 741 3017 runcano
764 2954 994 3036 praescriptam.
1036 2952 1159 3037 Singuli
1182 2970 1253 3016 vero
1275 2950 1351 3029 dies,
1375 2948 1490 3033 quibus

246 3056 302 3119 lrae
325 3054 571 3122 denuntiationes
594 3056 690 3135 liunt,
722 3076 779 3121 non
809 3056 922 3123 debent
953 3076 1018 3126 csse
1050 3056 1228 3123 immediate
1254 3055 1488 3138 subsequentes,

245 3160 297 3226 sed
322 3178 400 3225 unus
423 3159 462 3226 ab
485 3160 582 3225 altero
606 3179 666 3225 unu
688 3161 800 3226 saltem
825 3160 875 3224 die
897 3160 1046 3241 seiuncti,
1074 3162 1133 3226 nisi
1163 3159 1315 3244 parochus
1341 3176 1376 3223 ex
1397 3156 1489 3241 gravi

245 3265 427 3349 argentique
447 3283 539 3329 causa
562 3264 645 3329 aliud
669 3264 843 3329 laciendum
865 3284 931 3332 esse
954 3264 1185 3351 indicarentur).

352 3368 401 3436 14.
434 3368 510 3433 Cum
542 3368 573 3433 in
602 3368 721 3434 duabus
753 3369 901 3452 paroeciis
932 3369 1181 3435 denuntiationes
1210 3367 1369 3434 faciendae
1401 3369 1487 3441 sunt,

246 3472 407 3556 parochus,
437 3473 475 3537 ad
507 3494 597 3557 quem
628 3474 763 3557 pertinet
792 3474 990 3541 celebrationi
1017 3474 1210 3539 Matrimonii
1236 3473 1396 3546 assistere,
1426 3488 1487 3534 nen

245 3576 387 3655 assistat,
411 3580 575 3660 antequam
601 3578 714 3644 certior
744 3578 814 3655 ilat,
847 3579 885 3643 ab
909 3579 1037 3645 alterius
1060 3578 1217 3663 paroeciae
1241 3580 1357 3643 rectore
1376 3574 1406 3639 in
1429 3593 1488 3639 sua

245 3698 364 3763 quoque
394 3681 642 3748 denuntiationes
673 3682 771 3747 iactes
802 3700 868 3749 esse
900 3682 1080 3767 nullumque
1111 3682 1181 3747 inde
1206 3682 1363 3746 detectum
1392 3679 1486 3744 tuisse

245 3784 511 3867 impedimentum.

353 3890 400 3956 15.
424 3889 457 3955 Si
479 3892 549 3975 quis
575 3909 644 3956 rere
666 3890 914 3958 denuntiationes
928 3892 1033 3958 omitti
1048 3890 1212 3968 desideret,
1235 3907 1331 3974 quum
1346 3886 1485 3972 parocbis

247 3994 377 4059 vetitum
399 3994 441 4060 sit
463 3994 511 4060 vel
535 4014 627 4060 unam
650 3995 773 4060 tantum
798 3996 974 4074 remittere,
1002 3994 1061 4079 ipsi
1085 4014 1137 4078 per
1161 3994 1282 4060 litteras
1303 3992 1425 4058 clausas
1445 3992 1482 4055 ad

247 4098 310 4163 Nos
345 4098 393 4163 vel
425 4098 463 4165 ad
493 4101 633 4166 nostrum
665 4098 822 4165 Vicarium
860 4100 1035 4186 generalem
1070 4101 1251 4177 recurrant,
1287 4115 1411 4162 causam
1445 4096 1482 4159 ad

351 4273 377 4341 l)
394 4272 473 4330 (lone.
488 4273 561 4330 Trid.
576 4273 683 4329 Deerat.
694 4290 758 4331 sess
771 4274 873 4339 XXIV,
887 4274 920 4329 de
933 4274 981 4329 ret.
995 4274 1171 4337 Matrimonii,
1184 4290 1242 4344 cap.
1254 4274 1278 4329 1.
1296 4300 1331 4311 -
1348 4271 1377 4341 2)
1388 4268 1482 4326 Benrd

247 4358 328 4419 xlv„
340 4356 432 4415 consu
446 4361 612 4424 Nimirum,
626 4359 666 4415 18.
681 4360 744 4414 Maii
758 4360 833 4415 1745.
847 4390 880 4399 -
891 4360 919 4429 8)
931 4360 970 4415 ld.
984 4360 1075 4416 Cenat
1091 4362 1156 4417 star
1170 4364 1307 4417 minime.
1325 4387 1359 4398 -
1373 4360 1402 4427 ⁴)
1417 4358 1483 4412 Sena

248 4444 347 4506 xxiv,
367 4444 470 4499 Deerat.
489 4445 522 4501 de
541 4446 589 4501 rei.
609 4444 786 4510 Matrimonii,
803 4463 860 4514 cap.
882 4449 906 4502 9.
926 4476 959 4487 -
981 4449 1008 4513 5)
1026 4447 1098 4504 Saus.
1115 4447 1212 4511 XXIV,
1231 4462 1288 4517 cap.
1300 4448 1324 4502 1.
1350 4477 1376 4485 -
1394 4445 1422 4513 6)
1436 4444 1481 4517 up-

247 4528 310 4583 nodi
328 4528 471 4585 Pistorien.
490 4534 518 4585 et
536 4530 645 4587 Praten.
664 4530 816 4587 Columbini
836 4532 923 4589 Basrii
941 4550 999 4602 par.
1017 4534 1040 4599 l,
1058 4533 1103 4589 tit
1122 4535 1164 4590 11,
