3275 4917
265 227 328 296 lla
416 276 418 279 -
513 246 656 316 upnnrmr
678 243 879 303 Puroreenalr
898 252 928 302 ct
948 243 1109 303 hetruria
1127 263 1156 302 u.
1174 243 1258 302 1892

265 421 384 487 labores
407 420 504 485 levius
526 418 596 496 tert,
620 422 652 483 et
675 417 901 483 tentationibus
924 418 1082 484 daemonis
1105 418 1249 484 caleaneo
1266 415 1446 482 insidiantis
1461 416 1523 480 fa·

265 526 354 592 cilius
376 525 503 602 resistit
528 528 560 589 et
582 522 748 589 sanitatem
770 523 905 606 corporis
928 523 1094 601 interdum,
1117 523 1169 587 ubi
1192 523 1288 588 saluti
1311 522 1435 587 animae
1459 540 1522 585 ex-

266 629 406 715 pedierit,
430 628 658 712 consepultum«

369 736 398 798 2.
432 734 466 797 ln
499 731 607 816 primis
642 734 747 815 itaque
782 731 908 814 parochi
941 734 1050 797 curent
1080 731 1196 798 crebris
1224 730 1445 796 monitionibus
1478 735 1524 794 ut

265 838 369 904 fideles
398 838 438 902 ab
468 835 523 902 illa
553 833 637 901 insui
664 835 859 901 abducantur
881 836 1032 919 opinione,
1064 854 1125 920 qna
1155 836 1292 919 plerique
1322 834 1449 900 sinistre
1473 836 1523 898 de

265 943 357 1008 buius
379 941 571 1007 Sacramenti
595 938 710 1005 virtute
730 939 887 1017 sentiunt,
921 939 1045 1023 perinde
1065 958 1103 1005 ac
1124 940 1151 1004 si
1175 942 1305 1004 mortam
1329 939 1433 1022 aegris
1458 958 1519 1003 ac-

264 1046 386 1123 celeret,
410 1062 478 1109 cnm
503 1047 620 1109 certum
644 1043 697 1120 sit,
719 1063 755 1108 cx
779 1043 876 1109 allata
897 1044 1036 1127 Apostoli
1059 1043 1200 1109 doctrina
1224 1044 1323 1109 Deum
1341 1062 1398 1109 non
1415 1044 1519 1108 modo

264 1150 395 1226 animae,
420 1168 523 1214 verum
547 1148 642 1213 etiam
666 1149 794 1232 corpori,
817 1148 843 1211 si
867 1148 1043 1232 expedierit,
1066 1148 1181 1213 virtute
1197 1148 1289 1213 buius
1303 1147 1517 1224 Sacramenti,

263 1256 396 1320 salutem
419 1253 564 1319 conterre.
610 1252 669 1317 Sed
694 1254 729 1317 nt
751 1251 907 1317 efficacius
934 1252 1054 1317 eosdem
1086 1250 1235 1317 inducant
1257 1251 1365 1317 fideles
1386 1252 1426 1317 ad
1450 1252 1516 1316 hor·-

246 1358 498 1425 ‘Sacramentum
522 1355 739 1440 postulandum
762 1360 794 1422 ot
816 1356 1036 1439 recipiendum,
1059 1356 1168 1422 statim
1191 1375 1228 1421 ac
1249 1360 1393 1439 aegrotos
1407 1357 1516 1420 morbi

263 1464 291 1529 ni
316 1462 353 1527 ad
378 1462 539 1527 interitum
556 1478 716 1545 properare
732 1460 930 1544 perspiciunt,
953 1464 1107 1536 moneant,
1130 1479 1192 1538 eos,
1216 1460 1269 1544 qui
1284 1461 1347 1526 iam
1364 1461 1514 1525 sensibus

264 1566 446 1634 strationis
469 1584 525 1630 usn
549 1567 672 1643 carent,
704 1565 786 1630 baud
816 1564 908 1630 iacila
932 1583 1020 1648 poseo
1042 1564 1178 1630 salutem
1200 1566 1334 1648 corporis
1355 1565 1512 1642 obtinere,

263 1676 295 1739 et
317 1670 499 1737 nobiliorum
525 1669 688 1753 participes
718 1668 783 1734 lieri
804 1669 967 1746 ellectum,
997 1688 1073 1752 quos
1106 1667 1182 1733 illud
1206 1670 1238 1733 in
1256 1668 1512 1735 decumbentium

265 1776 426 1842 animabus
450 1775 532 1858 parit
542 1776 575 1857 ¹).

367 1881 397 1946 3.
422 1878 519 1944 lidem
543 1880 646 1943 antem
670 1877 793 1961 parochi
815 1895 982 1960 eorumque
1004 1876 1170 1955 adiutores,
1193 1897 1287 1962 quum
1310 1896 1386 1961 opus
1402 1877 1512 1955 luerit,

265 1986 386 2069 praesto
408 1984 471 2049 siut
495 1982 533 2045 ad
559 1982 614 2047 lroc¹
634 1980 870 2046 Sacramentum
887 1981 1185 2060 administrandum
1208 1984 1398 2066 caveantque
1414 2002 1454 2047 ne
1467 1983 1511 2045 oln

262 2108 349 2153 snam
386 2084 606 2171 negligentiam
631 2086 772 2164 areniat,
807 2089 843 2150 ut
880 2085 1019 2150 infirmus
1054 2086 1120 2151 sine
1155 2086 1209 2153 illo
1245 2086 1379 2151 animam
1403 2085 1510 2160 etitem

264 2192 400 2278 alioquin
430 2210 449 2255 a
478 2190 575 2256 Nobis
603 2188 740 2273 graviter
769 2189 944 2273 plectentur
970 2192 1003 2255 et
1032 2189 1170 2255 eiusdem
1203 2190 1411 2274 negligentiae
1440 2189 1510 2254 Deo

264 2296 392 2363 reddent
412 2294 571 2360 rationem.

367 2401 397 2466 4.
421 2397 551 2464 Parocbi
576 2416 646 2464 vero
668 2398 790 2463 tautum
814 2402 847 2463 et
865 2397 918 2481 qni
934 2398 973 2462 ab
989 2398 1064 2481 ipsis
1079 2398 1305 2483 delegationem
1320 2397 1507 2482 suscipiunt,

262 2507 428 2571 extremam
454 2503 633 2569 Unctionem
662 2501 747 2567 licite
770 2501 986 2567 administrare
1010 2505 1147 2584 possunt.
1196 2503 1365 2585 Regelaree
1385 2502 1508 2578 autern,

263 2608 315 2693 qui
338 2611 423 2672 extra
446 2606 639 2671 necessitatis
662 2624 765 2669 casum
791 2606 848 2670 boc
869 2604 1090 2672 administrant
1112 2606 1366 2684 Sacramentum,
1397 2606 1428 2671 in
1453 2626 1508 2673 er-

264 2710 572 2777 communicationam
598 2728 718 2773 summo
744 2708 887 2773 Pontifici
909 2715 1099 2775 reservatam
1122 2710 1327 2791 incurrunt¹).
1374 2710 1407 2775 Si
1434 2731 1509 2776 vcro

264 2814 430 2882 necessitas
454 2815 565 2899 urgeat
587 2818 619 2879 et
639 2812 789 2896 parochus
812 2812 905 2890 absit,
929 2814 1060 2896 quilibet
1082 2814 1223 2880 sacerdos
1246 2835 1304 2905 non
1326 2815 1424 2881 solum
1452 2835 1508 2881 aa·

263 2920 334 2999 lide,
358 2920 410 2986 sed
434 2918 528 2985 etiam
552 2918 638 2983 licite
661 2918 816 2982 infirmnm
840 2918 990 3002 inungere
1011 2922 1122 3001 potest.

366 3026 396 3089 5.
431 3022 579 3089 Sacerdos
610 3026 777 3087 extremam
811 3021 992 3088 Unctionem
1023 3022 1297 3089 administraturus
1320 3023 1428 3088 induat
1452 3044 1509 3089 sn·

264 3129 479 3213 perpelliccnm
501 3131 532 3192 et
554 3127 667 3191 stolam
691 3126 819 3192 violacei
843 3126 969 3202 colona,
1000 3126 1058 3192 nisi
1091 3128 1258 3193 necessitas
1291 3130 1418 3212 urgeat3
1449 3130 1507 3193 ad-

264 3232 438 3297 ministrare
460 3231 541 3296 eninr
566 3232 622 3295 boc
644 3228 879 3295 Sacramentum
900 3249 970 3295 cnm
993 3232 1074 3297 stola
1096 3233 1162 3297 sine
1181 3231 1403 3315 superpelliceo
1418 3236 1508 3298 extra

262 3355 368 3401 casum
389 3334 580 3400 raecessitatis
603 3336 652 3400 est
674 3334 789 3399 abusus
810 3335 937 3399 ornnino
959 3335 1191 3420 auferendum).

365 3440 396 3504 6.
432 3438 568 3516 lntirmi,
592 3437 618 3501 si
641 3438 765 3519 tempus
787 3440 819 3503 et
840 3458 945 3503 eornm
965 3439 1101 3504 conditio
1124 3439 1222 3519 ierat,
1246 3458 1334 3506 sacro
1355 3440 1423 3506 oleo
1444 3460 1504 3506 non

263 3544 435 3627 ungantur,
470 3543 529 3607 nisi
565 3544 648 3626 prins
682 3545 877 3607 sacramanta
911 3542 1121 3609 Poenitentiac
1151 3548 1183 3609 et
1215 3544 1428 3610 Eucharistiae
1456 3565 1504 3610 re·

262 3647 400 3729 ceperint
410 3648 459 3730 ⁴);
489 3646 516 3711 si
546 3664 616 3710 reno
647 3646 685 3710 ob
720 3647 816 3710 morbi
850 3647 910 3710 nim
942 3645 996 3714 SS.
1019 3648 1176 3712 Viaticum
1208 3648 1343 3731 racipere
1365 3667 1423 3713 nou
1447 3668 1500 3731 po·

260 3750 387 3828 tuerint,
409 3750 519 3815 saltem
545 3751 669 3832 peccata
692 3768 749 3814 sna
771 3749 995 3825 confiteantur3
1019 3751 1045 3815 si
1069 3770 1166 3835 neque
1190 3751 1247 3817 boc
1262 3752 1363 3817 tacere
1378 3758 1503 3836 queant,

262 3859 294 3920 et
317 3854 429 3920 doloris
452 3854 541 3938 aigne
566 3872 602 3919 ne
625 3854 752 3917 nutibus
775 3853 900 3938 qnidam
932 3854 1006 3918 dara
1027 3856 1161 3938 possint,
1189 3855 1391 3922 nihilominus
1414 3856 1502 3921 innn-

262 3961 392 4043 gautur‚
419 3958 445 4024 si
476 3959 642 4023 verisimile
674 3957 730 4036 sit,
753 3958 834 4042 quod
861 3958 888 4022 si
911 3963 1014 4024 essent
1034 3963 1191 4042 compotes
1213 3961 1279 4037 sni,
1308 3962 1367 4027 boc
1387 3959 1500 4027 Sacra·

262 4067 399 4128 mentnm
423 4066 572 4146 peterent,
599 4062 643 4128 rel
666 4062 776 4127 saltem
802 4080 852 4128 eos
875 4062 1044 4127 christiane
1066 4064 1177 4130 vixisse
1199 4067 1329 4131 condet

366 4168 395 4232 7.
427 4168 535 4231 Pueris
558 4184 695 4250 quoque,
723 4167 776 4250 qui
799 4166 838 4231 ad
863 4185 953 4231 nsum
973 4166 1102 4231 rationis
1125 4168 1336 4251 pervenerint,
1366 4171 1502 4234 extrema

262 4270 373 4337 Unctio
397 4271 643 4337 administranda
665 4272 733 4349 eat;
762 4272 788 4335 si
817 4289 888 4335 vero
912 4270 967 4336 boc
990 4271 1141 4336 incertum
1165 4271 1224 4349 sit,
1246 4274 1304 4337 sub
1326 4273 1501 4338 conditione

365 4425 391 4491 1)
412 4424 656 4491 Bened.lllv.‚1)a
670 4425 767 4495 Synod.
782 4426 895 4480 dioeces.
909 4424 955 4480 lib.
969 4425 1044 4490 VlIl,
1056 4443 1114 4495 cap.
1123 4428 1149 4490 ’1,
1163 4443 1206 4481 nu.
1217 4426 1273 4482 2-4.
1288 4458 1318 4466 m
1331 4426 1360 4495 S)
1370 4426 1435 4481 Pina
1445 4425 1501 4492 lx„

261 4508 353 4563 Const.
375 4514 511 4580 Aponlol.
531 4518 627 4569 Sedis.
646 4540 677 4551 -
696 4512 723 4577 3)
742 4512 768 4564 S.
789 4512 819 4565 a.
839 4510 867 4564 C.
886 4512 929 4565 dia
948 4512 988 4565 lli.
1012 4513 1072 4567 [lec.
1092 4510 1167 4567 1826.
1185 4542 1219 4551 -
1243 4512 1441 4581 alterumn.
1461 4514 1501 4567 lla

262 4610 375 4650 sarram.
394 4600 503 4651 extrem.
520 4598 599 4650 Uuet.
