<?xml version="1.0" encoding="UTF-8"?>
<!DOCTYPE html PUBLIC "-//W3C//DTD XHTML 1.0 Transitional//EN"
    "http://www.w3.org/TR/xhtml1/DTD/xhtml1-transitional.dtd">
<html xmlns="http://www.w3.org/1999/xhtml" xml:lang="en" lang="en">
 <head>
  <title>
</title>
<meta http-equiv="Content-Type" content="text/html;charset=utf-8" />
  <meta name='ocr-system' content='tesseract 3.04.00' />
  <meta name='ocr-capabilities' content='ocr_page ocr_carea ocr_par ocr_line ocrx_word'/>
</head>
<body>
  <div class='ocr_page' id='page_1' title='image "./archivfrkatholi16unkngoog/archivfrkatholi16unkngoog_0258.png"; bbox 0 0 3275 4917; ppageno 0'>
   <div class='ocr_carea' id='block_1_1' title="bbox 524 290 1416 366">
    <p class='ocr_par' dir='ltr' id='par_1_1' title="bbox 524 290 1416 366">
     <span class='ocr_line' id='line_1_1' title="bbox 524 290 1416 366; baseline 0 -2"><span class='ocrx_word' id='word_1_1' title='bbox 524 309 602 364; x_wconf 81' lang='lat' dir='ltr'><strong>Pare</strong></span> <span class='ocrx_word' id='word_1_2' title='bbox 620 311 772 366; x_wconf 81' lang='lat' dir='ltr'><strong>secunde:</strong></span> <span class='ocrx_word' id='word_1_3' title='bbox 792 309 838 366; x_wconf 86' lang='lat' dir='ltr'><strong>Dc</strong></span> <span class='ocrx_word' id='word_1_4' title='bbox 856 311 1070 366; x_wconf 68' lang='lat' dir='ltr'><strong>sacramentis.</strong></span> <span class='ocrx_word' id='word_1_5' title='bbox 1352 290 1416 358; x_wconf 73' lang='lat'><strong>253</strong></span> 
     </span>
    </p>
   </div>
   <div class='ocr_carea' id='block_1_2' title="bbox 161 480 1416 4528">
    <p class='ocr_par' dir='ltr' id='par_1_2' title="bbox 172 480 1416 774">
     <span class='ocr_line' id='line_1_2' title="bbox 173 480 1416 564; baseline 0.002 -18"><span class='ocrx_word' id='word_1_6' title='bbox 173 480 348 564; x_wconf 86' lang='lat' dir='ltr'><strong>quindecim</strong></span> <span class='ocrx_word' id='word_1_7' title='bbox 373 481 455 559; x_wconf 85' lang='lat' dir='ltr'><strong>dies,</strong></span> <span class='ocrx_word' id='word_1_8' title='bbox 486 484 518 546; x_wconf 90' lang='lat' dir='ltr'><strong>et</strong></span> <span class='ocrx_word' id='word_1_9' title='bbox 540 482 566 545; x_wconf 89' lang='lat' dir='ltr'><strong>si</strong></span> <span class='ocrx_word' id='word_1_10' title='bbox 589 482 647 548; x_wconf 92' lang='lat' dir='ltr'><strong>hoc</strong></span> <span class='ocrx_word' id='word_1_11' title='bbox 670 483 734 547; x_wconf 87' lang='lat' dir='ltr'><strong>lieri</strong></span> <span class='ocrx_word' id='word_1_12' title='bbox 757 485 905 564; x_wconf 78' lang='lat' dir='ltr'>nequeat,</span> <span class='ocrx_word' id='word_1_13' title='bbox 933 482 1043 548; x_wconf 85' lang='lat' dir='ltr'><strong>saltem</strong></span> <span class='ocrx_word' id='word_1_14' title='bbox 1075 501 1128 564; x_wconf 86' lang='lat' dir='ltr'><strong>per</strong></span> <span class='ocrx_word' id='word_1_15' title='bbox 1151 483 1218 548; x_wconf 89' lang='lat' dir='ltr'><strong>octo</strong></span> <span class='ocrx_word' id='word_1_16' title='bbox 1240 481 1416 548; x_wconf 76' lang='lat' dir='ltr'><strong>accuratius</strong></span> 
     </span>
     <span class='ocr_line' id='line_1_3' title="bbox 173 585 1416 670; baseline 0.002 -20"><span class='ocrx_word' id='word_1_17' title='bbox 173 586 327 651; x_wconf 77' lang='lat' dir='ltr'>catechesi</span> <span class='ocrx_word' id='word_1_18' title='bbox 349 587 573 662; x_wconf 86' lang='lat' dir='ltr'><strong>instituantur;</strong></span> <span class='ocrx_word' id='word_1_19' title='bbox 595 607 647 670; x_wconf 92' lang='lat' dir='ltr'><strong>per</strong></span> <span class='ocrx_word' id='word_1_20' title='bbox 670 587 808 652; x_wconf 89' lang='lat' dir='ltr'><strong>triduum</strong></span> <span class='ocrx_word' id='word_1_21' title='bbox 833 588 936 652; x_wconf 90' lang='lat' dir='ltr'><strong>autem</strong></span> <span class='ocrx_word' id='word_1_22' title='bbox 961 587 1141 668; x_wconf 81' lang='lat' dir='ltr'><strong>opportunis</strong></span> <span class='ocrx_word' id='word_1_23' title='bbox 1161 585 1416 652; x_wconf 77' lang='lat' dir='ltr'><strong>instructionibus</strong></span> 
     </span>
     <span class='ocr_line' id='line_1_4' title="bbox 172 689 1247 774; baseline 0.001 -21"><span class='ocrx_word' id='word_1_24' title='bbox 172 693 205 753; x_wconf 91' lang='lat' dir='ltr'><strong>et</strong></span> <span class='ocrx_word' id='word_1_25' title='bbox 228 690 353 774; x_wconf 89' lang='lat' dir='ltr'><strong>pietatis</strong></span> <span class='ocrx_word' id='word_1_26' title='bbox 375 689 517 772; x_wconf 90' lang='lat' dir='ltr'><strong>operibus</strong></span> <span class='ocrx_word' id='word_1_27' title='bbox 540 691 578 756; x_wconf 92' lang='lat' dir='ltr'><strong>ad</strong></span> <span class='ocrx_word' id='word_1_28' title='bbox 603 691 659 756; x_wconf 92' lang='lat' dir='ltr'><strong>hoc</strong></span> <span class='ocrx_word' id='word_1_29' title='bbox 681 691 915 758; x_wconf 71' lang='lat' dir='ltr'><strong>Sacramentum</strong></span> <span class='ocrx_word' id='word_1_30' title='bbox 935 691 994 756; x_wconf 91' lang='lat' dir='ltr'><strong>rite</strong></span> <span class='ocrx_word' id='word_1_31' title='bbox 1018 694 1247 773; x_wconf 89' lang='lat' dir='ltr'><strong>praeparentur.</strong></span> 
     </span>
    </p>

    <p class='ocr_par' dir='ltr' id='par_1_3' title="bbox 171 793 1415 1400">
     <span class='ocr_line' id='line_1_5' title="bbox 277 793 1415 878; baseline 0.001 -19"><span class='ocrx_word' id='word_1_32' title='bbox 277 795 307 859; x_wconf 85' lang='lat'><strong>5.</strong></span> <span class='ocrx_word' id='word_1_33' title='bbox 341 793 399 876; x_wconf 82' lang='lat' dir='ltr'><strong>Qui</strong></span> <span class='ocrx_word' id='word_1_34' title='bbox 430 795 507 859; x_wconf 89' lang='lat' dir='ltr'><strong>satis</strong></span> <span class='ocrx_word' id='word_1_35' title='bbox 536 795 681 862; x_wconf 83' lang='lat' dir='ltr'><strong>instructi</strong></span> <span class='ocrx_word' id='word_1_36' title='bbox 713 797 827 878; x_wconf 89' lang='lat' dir='ltr'><strong>reperti</strong></span> <span class='ocrx_word' id='word_1_37' title='bbox 857 796 972 860; x_wconf 84' lang='lat' dir='ltr'><strong>inerint</strong></span> <span class='ocrx_word' id='word_1_38' title='bbox 1003 797 1095 878; x_wconf 89' lang='lat' dir='ltr'><strong>atque</strong></span> <span class='ocrx_word' id='word_1_39' title='bbox 1119 794 1165 860; x_wconf 90' lang='lat' dir='ltr'><strong>ita</strong></span> <span class='ocrx_word' id='word_1_40' title='bbox 1188 795 1357 877; x_wconf 87' lang='lat' dir='ltr'><strong>comparati</strong></span> <span class='ocrx_word' id='word_1_41' title='bbox 1380 797 1415 860; x_wconf 93' lang='lat' dir='ltr'><strong>ut</strong></span> 
     </span>
     <span class='ocr_line' id='line_1_6' title="bbox 173 899 1415 983; baseline 0 -19"><span class='ocrx_word' id='word_1_42' title='bbox 173 902 399 964; x_wconf 88' lang='lat' dir='ltr'><strong>sacramentum</strong></span> <span class='ocrx_word' id='word_1_43' title='bbox 423 899 671 965; x_wconf 77' lang='lat' dir='ltr'><strong>Confirmatiouis</strong></span> <span class='ocrx_word' id='word_1_44' title='bbox 696 900 828 983; x_wconf 89' lang='lat' dir='ltr'><strong>recipere</strong></span> <span class='ocrx_word' id='word_1_45' title='bbox 850 901 985 982; x_wconf 82' lang='lat' dir='ltr'><strong>possint,</strong></span> <span class='ocrx_word' id='word_1_46' title='bbox 1018 899 1166 966; x_wconf 82' lang='lat' dir='ltr'><strong>schedula</strong></span> <span class='ocrx_word' id='word_1_47' title='bbox 1195 901 1415 964; x_wconf 88' lang='lat' dir='ltr'><strong>muniantura</strong></span> 
     </span>
     <span class='ocr_line' id='line_1_7' title="bbox 172 1003 1414 1088; baseline 0.002 -22"><span class='ocrx_word' id='word_1_48' title='bbox 172 1004 304 1086; x_wconf 86' lang='lat' dir='ltr'><strong>parocho</strong></span> <span class='ocrx_word' id='word_1_49' title='bbox 334 1003 381 1069; x_wconf 85' lang='lat' dir='ltr'><strong>vel</strong></span> <span class='ocrx_word' id='word_1_50' title='bbox 412 1005 478 1069; x_wconf 90' lang='lat' dir='ltr'><strong>eius</strong></span> <span class='ocrx_word' id='word_1_51' title='bbox 508 1005 648 1069; x_wconf 89' lang='lat' dir='ltr'><strong>adiutore</strong></span> <span class='ocrx_word' id='word_1_52' title='bbox 675 1005 864 1087; x_wconf 87' lang='lat' dir='ltr'><strong>subscripta,</strong></span> <span class='ocrx_word' id='word_1_53' title='bbox 901 1005 930 1068; x_wconf 92' lang='lat' dir='ltr'><strong>in</strong></span> <span class='ocrx_word' id='word_1_54' title='bbox 965 1024 1026 1088; x_wconf 88' lang='lat' dir='ltr'><strong>qua</strong></span> <span class='ocrx_word' id='word_1_55' title='bbox 1061 1003 1261 1069; x_wconf 86' lang='lat' dir='ltr'><strong>confirmandi</strong></span> <span class='ocrx_word' id='word_1_56' title='bbox 1293 1023 1414 1084; x_wconf 87' lang='lat' dir='ltr'><strong>nornen,</strong></span> 
     </span>
     <span class='ocr_line' id='line_1_8' title="bbox 171 1108 1413 1192; baseline 0.004 -21"><span class='ocrx_word' id='word_1_57' title='bbox 171 1125 358 1191; x_wconf 81' lang='lat' dir='ltr'><strong>cognomen,</strong></span> <span class='ocrx_word' id='word_1_58' title='bbox 392 1112 493 1184; x_wconf 88' lang='lat' dir='ltr'><strong>aetas,</strong></span> <span class='ocrx_word' id='word_1_59' title='bbox 527 1110 628 1191; x_wconf 88' lang='lat' dir='ltr'><strong>patria</strong></span> <span class='ocrx_word' id='word_1_60' title='bbox 659 1114 691 1173; x_wconf 88' lang='lat' dir='ltr'><strong>et</strong></span> <span class='ocrx_word' id='word_1_61' title='bbox 726 1113 887 1191; x_wconf 88' lang='lat' dir='ltr'><strong>parentum</strong></span> <span class='ocrx_word' id='word_1_62' title='bbox 924 1109 1047 1172; x_wconf 90' lang='lat' dir='ltr'><strong>nomina</strong></span> <span class='ocrx_word' id='word_1_63' title='bbox 1081 1109 1162 1174; x_wconf 90' lang='lat' dir='ltr'><strong>clare</strong></span> <span class='ocrx_word' id='word_1_64' title='bbox 1196 1108 1312 1192; x_wconf 87' lang='lat' dir='ltr'><strong>scripta</strong></span> <span class='ocrx_word' id='word_1_65' title='bbox 1341 1108 1413 1176; x_wconf 82' lang='lat' dir='ltr'><strong>sint</strong></span> 
     </span>
     <span class='ocr_line' id='line_1_9' title="bbox 172 1211 1413 1296; baseline 0.001 -20"><span class='ocrx_word' id='word_1_66' title='bbox 172 1211 263 1276; x_wconf 88' lang='lat' dir='ltr'><strong>Hanc</strong></span> <span class='ocrx_word' id='word_1_67' title='bbox 286 1215 389 1276; x_wconf 89' lang='lat' dir='ltr'><strong>autem</strong></span> <span class='ocrx_word' id='word_1_68' title='bbox 413 1213 591 1278; x_wconf 87' lang='lat' dir='ltr'><strong>schedulam</strong></span> <span class='ocrx_word' id='word_1_69' title='bbox 616 1215 744 1296; x_wconf 88' lang='lat' dir='ltr'><strong>quisque</strong></span> <span class='ocrx_word' id='word_1_70' title='bbox 769 1232 839 1278; x_wconf 87' lang='lat' dir='ltr'><strong>curn</strong></span> <span class='ocrx_word' id='word_1_71' title='bbox 857 1215 895 1277; x_wconf 90' lang='lat' dir='ltr'><strong>ad</strong></span> <span class='ocrx_word' id='word_1_72' title='bbox 914 1213 1184 1279; x_wconf 72' lang='lat' dir='ltr'><strong>confirmationem</strong></span> <span class='ocrx_word' id='word_1_73' title='bbox 1206 1212 1413 1295; x_wconf 84' lang='lat' dir='ltr'><strong>recipiendam</strong></span> 
     </span>
     <span class='ocr_line' id='line_1_10' title="bbox 172 1315 1281 1400; baseline 0.002 -20"><span class='ocrx_word' id='word_1_74' title='bbox 172 1315 301 1392; x_wconf 90' lang='lat' dir='ltr'><strong>accedit,</strong></span> <span class='ocrx_word' id='word_1_75' title='bbox 327 1335 398 1399; x_wconf 91' lang='lat' dir='ltr'><strong>prae</strong></span> <span class='ocrx_word' id='word_1_76' title='bbox 421 1317 563 1382; x_wconf 87' lang='lat' dir='ltr'><strong>manibus</strong></span> <span class='ocrx_word' id='word_1_77' title='bbox 585 1318 713 1390; x_wconf 78' lang='lat' dir='ltr'><strong>babeat:</strong></span> <span class='ocrx_word' id='word_1_78' title='bbox 740 1337 829 1383; x_wconf 89' lang='lat' dir='ltr'><strong>nemo</strong></span> <span class='ocrx_word' id='word_1_79' title='bbox 853 1317 933 1382; x_wconf 89' lang='lat' dir='ltr'><strong>euim</strong></span> <span class='ocrx_word' id='word_1_80' title='bbox 957 1318 1022 1383; x_wconf 88' lang='lat' dir='ltr'><strong>sine</strong></span> <span class='ocrx_word' id='word_1_81' title='bbox 1046 1337 1082 1381; x_wconf 89' lang='lat' dir='ltr'><strong>ea</strong></span> <span class='ocrx_word' id='word_1_82' title='bbox 1106 1318 1281 1400; x_wconf 82' lang='lat' dir='ltr'><strong>inungetur.</strong></span> 
     </span>
    </p>

    <p class='ocr_par' dir='ltr' id='par_1_4' title="bbox 170 1420 1413 2026">
     <span class='ocr_line' id='line_1_11' title="bbox 275 1420 1412 1504; baseline 0.002 -20"><span class='ocrx_word' id='word_1_83' title='bbox 275 1423 304 1489; x_wconf 84' lang='lat'><strong>6.</strong></span> <span class='ocrx_word' id='word_1_84' title='bbox 330 1421 378 1488; x_wconf 83' lang='lat' dir='ltr'><strong>Ad</strong></span> <span class='ocrx_word' id='word_1_85' title='bbox 401 1425 630 1486; x_wconf 87' lang='lat' dir='ltr'><strong>sacramentum</strong></span> <span class='ocrx_word' id='word_1_86' title='bbox 655 1422 904 1489; x_wconf 82' lang='lat' dir='ltr'><strong>Confirmationis</strong></span> <span class='ocrx_word' id='word_1_87' title='bbox 930 1441 986 1486; x_wconf 92' lang='lat' dir='ltr'><strong>nou</strong></span> <span class='ocrx_word' id='word_1_88' title='bbox 1007 1421 1216 1487; x_wconf 85' lang='lat' dir='ltr'><strong>admittantur</strong></span> <span class='ocrx_word' id='word_1_89' title='bbox 1235 1423 1329 1504; x_wconf 88' lang='lat' dir='ltr'><strong>pueri,</strong></span> <span class='ocrx_word' id='word_1_90' title='bbox 1355 1420 1412 1486; x_wconf 88' lang='lat' dir='ltr'><strong>uisi</strong></span> 
     </span>
     <span class='ocr_line' id='line_1_12' title="bbox 170 1525 1413 1610; baseline 0.002 -22"><span class='ocrx_word' id='word_1_91' title='bbox 170 1525 209 1588; x_wconf 88' lang='lat' dir='ltr'><strong>ad</strong></span> <span class='ocrx_word' id='word_1_92' title='bbox 248 1526 414 1608; x_wconf 88' lang='lat' dir='ltr'><strong>septimum</strong></span> <span class='ocrx_word' id='word_1_93' title='bbox 458 1526 652 1609; x_wconf 88' lang='lat' dir='ltr'><strong>pervenerint</strong></span> <span class='ocrx_word' id='word_1_94' title='bbox 696 1547 820 1592; x_wconf 88' lang='lat' dir='ltr'><strong>aunum.</strong></span> <span class='ocrx_word' id='word_1_95' title='bbox 889 1529 1021 1594; x_wconf 89' lang='lat' dir='ltr'><strong>Possunt</strong></span> <span class='ocrx_word' id='word_1_96' title='bbox 1062 1529 1166 1590; x_wconf 90' lang='lat' dir='ltr'><strong>tamen</strong></span> <span class='ocrx_word' id='word_1_97' title='bbox 1208 1527 1293 1610; x_wconf 92' lang='lat' dir='ltr'><strong>pueri</strong></span> <span class='ocrx_word' id='word_1_98' title='bbox 1327 1544 1413 1590; x_wconf 89' lang='lat' dir='ltr'><strong>sacro</strong></span> 
     </span>
     <span class='ocr_line' id='line_1_13' title="bbox 171 1627 1413 1714; baseline -0.002 -22"><span class='ocrx_word' id='word_1_99' title='bbox 171 1630 338 1694; x_wconf 80' lang='lat' dir='ltr'><strong>chrismate</strong></span> <span class='ocrx_word' id='word_1_100' title='bbox 361 1631 468 1714; x_wconf 88' lang='lat' dir='ltr'><strong>inungi</strong></span> <span class='ocrx_word' id='word_1_101' title='bbox 493 1630 587 1694; x_wconf 91' lang='lat' dir='ltr'><strong>etiam</strong></span> <span class='ocrx_word' id='word_1_102' title='bbox 610 1634 775 1714; x_wconf 90' lang='lat' dir='ltr'><strong>autequam</strong></span> <span class='ocrx_word' id='word_1_103' title='bbox 802 1634 965 1714; x_wconf 89' lang='lat' dir='ltr'><strong>septennes</strong></span> <span class='ocrx_word' id='word_1_104' title='bbox 988 1631 1065 1707; x_wconf 90' lang='lat' dir='ltr'><strong>siut,</strong></span> <span class='ocrx_word' id='word_1_105' title='bbox 1095 1648 1165 1696; x_wconf 90' lang='lat' dir='ltr'><strong>cum</strong></span> <span class='ocrx_word' id='word_1_106' title='bbox 1198 1627 1413 1713; x_wconf 80' lang='lat' dir='ltr'><strong>praevideatur</strong></span> 
     </span>
     <span class='ocr_line' id='line_1_14' title="bbox 171 1733 1411 1818; baseline 0.002 -22"><span class='ocrx_word' id='word_1_107' title='bbox 171 1733 291 1798; x_wconf 89' lang='lat' dir='ltr'><strong>diutina</strong></span> <span class='ocrx_word' id='word_1_108' title='bbox 318 1735 457 1799; x_wconf 88' lang='lat' dir='ltr'><strong>absentia</strong></span> <span class='ocrx_word' id='word_1_109' title='bbox 488 1736 645 1818; x_wconf 72' lang='lat' dir='ltr'><strong>Episcopi,</strong></span> <span class='ocrx_word' id='word_1_110' title='bbox 677 1736 731 1800; x_wconf 91' lang='lat' dir='ltr'><strong>aut</strong></span> <span class='ocrx_word' id='word_1_111' title='bbox 763 1735 856 1800; x_wconf 88' lang='lat' dir='ltr'><strong>iidem</strong></span> <span class='ocrx_word' id='word_1_112' title='bbox 889 1738 1045 1799; x_wconf 87' lang='lat' dir='ltr'><strong>versentur</strong></span> <span class='ocrx_word' id='word_1_113' title='bbox 1068 1734 1098 1798; x_wconf 92' lang='lat' dir='ltr'><strong>in</strong></span> <span class='ocrx_word' id='word_1_114' title='bbox 1123 1733 1298 1798; x_wconf 88' lang='lat' dir='ltr'><strong>discrimine</strong></span> <span class='ocrx_word' id='word_1_115' title='bbox 1320 1733 1411 1811; x_wconf 86' lang='lat' dir='ltr'><strong>vitae,</strong></span> 
     </span>
     <span class='ocr_line' id='line_1_15' title="bbox 171 1835 1410 1920; baseline 0 -20"><span class='ocrx_word' id='word_1_116' title='bbox 171 1838 227 1901; x_wconf 90' lang='lat' dir='ltr'><strong>aut</strong></span> <span class='ocrx_word' id='word_1_117' title='bbox 247 1837 308 1901; x_wconf 87' lang='lat' dir='ltr'><strong>alia</strong></span> <span class='ocrx_word' id='word_1_118' title='bbox 330 1840 440 1920; x_wconf 87' lang='lat' dir='ltr'><strong>urgeat</strong></span> <span class='ocrx_word' id='word_1_119' title='bbox 466 1839 647 1914; x_wconf 84' lang='lat' dir='ltr'><strong>necessitas,</strong></span> <span class='ocrx_word' id='word_1_120' title='bbox 679 1841 734 1902; x_wconf 89' lang='lat' dir='ltr'><strong>aut</strong></span> <span class='ocrx_word' id='word_1_121' title='bbox 765 1839 828 1903; x_wconf 86' lang='lat' dir='ltr'><strong>alia</strong></span> <span class='ocrx_word' id='word_1_122' title='bbox 858 1839 941 1902; x_wconf 90' lang='lat' dir='ltr'><strong>iusta</strong></span> <span class='ocrx_word' id='word_1_123' title='bbox 972 1838 1007 1902; x_wconf 88' lang='lat' dir='ltr'><strong>de</strong></span> <span class='ocrx_word' id='word_1_124' title='bbox 1031 1857 1134 1904; x_wconf 87' lang='lat' dir='ltr'><strong>causa.</strong></span> <span class='ocrx_word' id='word_1_125' title='bbox 1181 1838 1266 1920; x_wconf 84' lang='lat' dir='ltr'><strong>Quae</strong></span> <span class='ocrx_word' id='word_1_126' title='bbox 1289 1835 1410 1920; x_wconf 88' lang='lat' dir='ltr'><strong>quidem</strong></span> 
     </span>
     <span class='ocr_line' id='line_1_16' title="bbox 170 1941 858 2026; baseline 0.004 -23"><span class='ocrx_word' id='word_1_127' title='bbox 170 1941 268 2024; x_wconf 88' lang='lat' dir='ltr'><strong>ipsius</strong></span> <span class='ocrx_word' id='word_1_128' title='bbox 291 1941 432 2024; x_wconf 80' lang='lat' dir='ltr'><strong>Episcopi</strong></span> <span class='ocrx_word' id='word_1_129' title='bbox 454 1942 676 2024; x_wconf 84' lang='lat' dir='ltr'><strong>permittuntur</strong></span> <span class='ocrx_word' id='word_1_130' title='bbox 696 1942 811 2007; x_wconf 91' lang='lat' dir='ltr'><strong>iudicio</strong></span> <span class='ocrx_word' id='word_1_131' title='bbox 824 1943 858 2026; x_wconf 87' lang='lat'><strong>1).</strong></span> 
     </span>
    </p>

    <p class='ocr_par' dir='ltr' id='par_1_5' title="bbox 167 2043 1411 2858">
     <span class='ocr_line' id='line_1_17' title="bbox 275 2043 1411 2130; baseline 0.003 -24"><span class='ocrx_word' id='word_1_132' title='bbox 275 2045 303 2109; x_wconf 86' lang='grc'><strong>7.</strong></span> <span class='ocrx_word' id='word_1_133' title='bbox 327 2046 528 2110; x_wconf 87' lang='lat' dir='ltr'><strong>Sacramenta</strong></span> <span class='ocrx_word' id='word_1_134' title='bbox 553 2046 700 2122; x_wconf 83' lang='lat' dir='ltr'><strong>uiuorum,</strong></span> <span class='ocrx_word' id='word_1_135' title='bbox 726 2048 755 2110; x_wconf 88' lang='lat' dir='ltr'><strong>in</strong></span> <span class='ocrx_word' id='word_1_136' title='bbox 779 2065 908 2130; x_wconf 83' lang='lat' dir='ltr'><strong>quorum</strong></span> <span class='ocrx_word' id='word_1_137' title='bbox 932 2048 1058 2110; x_wconf 81' lang='lat' dir='ltr'><strong>numero</strong></span> <span class='ocrx_word' id='word_1_138' title='bbox 1075 2045 1207 2110; x_wconf 86' lang='lat' dir='ltr'><strong>habetur</strong></span> <span class='ocrx_word' id='word_1_139' title='bbox 1223 2043 1411 2123; x_wconf 69' lang='lat' dir='ltr'><strong>(infirmatio,</strong></span> 
     </span>
     <span class='ocr_line' id='line_1_18' title="bbox 170 2148 1411 2234; baseline 0.001 -22"><span class='ocrx_word' id='word_1_140' title='bbox 170 2148 202 2213; x_wconf 92' lang='lat' dir='ltr'><strong>iu</strong></span> <span class='ocrx_word' id='word_1_141' title='bbox 224 2151 311 2215; x_wconf 88' lang='lat' dir='ltr'><strong>statu</strong></span> <span class='ocrx_word' id='word_1_142' title='bbox 334 2150 454 2231; x_wconf 87' lang='lat' dir='ltr'><strong>gratiae</strong></span> <span class='ocrx_word' id='word_1_143' title='bbox 476 2150 653 2232; x_wconf 87' lang='lat' dir='ltr'><strong>recipienda</strong></span> <span class='ocrx_word' id='word_1_144' title='bbox 670 2155 760 2226; x_wconf 82' lang='lat' dir='ltr'><strong>surrt;</strong></span> <span class='ocrx_word' id='word_1_145' title='bbox 784 2151 913 2234; x_wconf 90' lang='lat' dir='ltr'><strong>ideoque</strong></span> <span class='ocrx_word' id='word_1_146' title='bbox 928 2153 1079 2234; x_wconf 88' lang='lat' dir='ltr'><strong>quotquot</strong></span> <span class='ocrx_word' id='word_1_147' title='bbox 1095 2149 1295 2216; x_wconf 87' lang='lat' dir='ltr'><strong>confirmandi</strong></span> <span class='ocrx_word' id='word_1_148' title='bbox 1311 2150 1411 2228; x_wconf 90' lang='lat' dir='ltr'><strong>erunt,</strong></span> 
     </span>
     <span class='ocr_line' id='line_1_19' title="bbox 169 2253 1408 2338; baseline 0.002 -22"><span class='ocrx_word' id='word_1_149' title='bbox 169 2255 195 2316; x_wconf 90' lang='lat' dir='ltr'><strong>si</strong></span> <span class='ocrx_word' id='word_1_150' title='bbox 217 2253 256 2318; x_wconf 93' lang='lat' dir='ltr'><strong>ad</strong></span> <span class='ocrx_word' id='word_1_151' title='bbox 277 2272 365 2318; x_wconf 90' lang='lat' dir='ltr'><strong>nsum</strong></span> <span class='ocrx_word' id='word_1_152' title='bbox 387 2255 515 2319; x_wconf 91' lang='lat' dir='ltr'><strong>rationis</strong></span> <span class='ocrx_word' id='word_1_153' title='bbox 537 2256 747 2336; x_wconf 84' lang='lat' dir='ltr'><strong>pervenerint,</strong></span> <span class='ocrx_word' id='word_1_154' title='bbox 775 2254 1031 2320; x_wconf 88' lang='lat' dir='ltr'><strong>sacramentalem</strong></span> <span class='ocrx_word' id='word_1_155' title='bbox 1056 2255 1140 2336; x_wconf 89' lang='lat' dir='ltr'><strong>prius</strong></span> <span class='ocrx_word' id='word_1_156' title='bbox 1163 2256 1315 2338; x_wconf 87' lang='lat' dir='ltr'><strong>peragant</strong></span> <span class='ocrx_word' id='word_1_157' title='bbox 1337 2272 1408 2318; x_wconf 91' lang='lat' dir='ltr'><strong>cou-</strong></span> 
     </span>
     <span class='ocr_line' id='line_1_20' title="bbox 169 2356 1410 2441; baseline 0 -19"><span class='ocrx_word' id='word_1_158' title='bbox 169 2357 342 2426; x_wconf 82' lang='lat' dir='ltr'><strong>fessionem.</strong></span> <span class='ocrx_word' id='word_1_159' title='bbox 399 2357 513 2424; x_wconf 89' lang='lat' dir='ltr'><strong>Omnes</strong></span> <span class='ocrx_word' id='word_1_160' title='bbox 550 2362 654 2423; x_wconf 88' lang='lat' dir='ltr'><strong>autem</strong></span> <span class='ocrx_word' id='word_1_161' title='bbox 696 2359 758 2425; x_wconf 90' lang='lat' dir='ltr'><strong>sint</strong></span> <span class='ocrx_word' id='word_1_162' title='bbox 794 2359 908 2424; x_wconf 91' lang='lat' dir='ltr'><strong>mundo</strong></span> <span class='ocrx_word' id='word_1_163' title='bbox 943 2359 1122 2441; x_wconf 90' lang='lat' dir='ltr'><strong>decentique</strong></span> <span class='ocrx_word' id='word_1_164' title='bbox 1158 2358 1265 2422; x_wconf 93' lang='lat' dir='ltr'><strong>habitu</strong></span> <span class='ocrx_word' id='word_1_165' title='bbox 1300 2356 1410 2423; x_wconf 88' lang='lat' dir='ltr'><strong>induti.</strong></span> 
     </span>
     <span class='ocr_line' id='line_1_21' title="bbox 171 2460 1411 2546; baseline 0.001 -22"><span class='ocrx_word' id='word_1_166' title='bbox 171 2461 298 2526; x_wconf 85' lang='lat' dir='ltr'><strong>Puellae</strong></span> <span class='ocrx_word' id='word_1_167' title='bbox 328 2463 506 2545; x_wconf 90' lang='lat' dir='ltr'><strong>praesertim</strong></span> <span class='ocrx_word' id='word_1_168' title='bbox 535 2480 656 2527; x_wconf 89' lang='lat' dir='ltr'><strong>omnem</strong></span> <span class='ocrx_word' id='word_1_169' title='bbox 686 2483 759 2546; x_wconf 89' lang='lat' dir='ltr'><strong>prae</strong></span> <span class='ocrx_word' id='word_1_170' title='bbox 787 2483 819 2527; x_wconf 91' lang='lat' dir='ltr'><strong>se</strong></span> <span class='ocrx_word' id='word_1_171' title='bbox 843 2462 944 2527; x_wconf 84' lang='lat' dir='ltr'><strong>lerant</strong></span> <span class='ocrx_word' id='word_1_172' title='bbox 964 2463 1165 2540; x_wconf 67' lang='lat' dir='ltr'><strong>modestiam</strong></span> <span class='ocrx_word' id='word_1_173' title='bbox 1188 2460 1411 2526; x_wconf 85' lang='lat' dir='ltr'><strong>immoderatus</strong></span> 
     </span>
     <span class='ocr_line' id='line_1_22' title="bbox 169 2564 1410 2652; baseline 0.002 -24"><span class='ocrx_word' id='word_1_174' title='bbox 169 2567 296 2628; x_wconf 90' lang='lat' dir='ltr'><strong>ornatus</strong></span> <span class='ocrx_word' id='word_1_175' title='bbox 318 2565 419 2642; x_wconf 79' lang='lat' dir='ltr'><strong>absit3</strong></span> <span class='ocrx_word' id='word_1_176' title='bbox 443 2564 555 2631; x_wconf 89' lang='lat' dir='ltr'><strong>collum</strong></span> <span class='ocrx_word' id='word_1_177' title='bbox 578 2569 610 2630; x_wconf 90' lang='lat' dir='ltr'><strong>et</strong></span> <span class='ocrx_word' id='word_1_178' title='bbox 627 2567 753 2632; x_wconf 90' lang='lat' dir='ltr'><strong>brachia</strong></span> <span class='ocrx_word' id='word_1_179' title='bbox 769 2568 972 2652; x_wconf 87' lang='lat' dir='ltr'><strong>undequaque</strong></span> <span class='ocrx_word' id='word_1_180' title='bbox 988 2569 1099 2645; x_wconf 88' lang='lat' dir='ltr'><strong>tectae,</strong></span> <span class='ocrx_word' id='word_1_181' title='bbox 1122 2567 1216 2650; x_wconf 89' lang='lat' dir='ltr'><strong>caput</strong></span> <span class='ocrx_word' id='word_1_182' title='bbox 1231 2565 1297 2630; x_wconf 88' lang='lat' dir='ltr'><strong>velo</strong></span> <span class='ocrx_word' id='word_1_183' title='bbox 1313 2565 1410 2649; x_wconf 90' lang='lat' dir='ltr'><strong>spisso</strong></span> 
     </span>
     <span class='ocr_line' id='line_1_23' title="bbox 170 2667 1410 2755; baseline 0.002 -23"><span class='ocrx_word' id='word_1_184' title='bbox 170 2671 339 2750; x_wconf 89' lang='lat' dir='ltr'><strong>coopertae.</strong></span> <span class='ocrx_word' id='word_1_185' title='bbox 385 2667 476 2735; x_wconf 88' lang='lat' dir='ltr'><strong>Omni</strong></span> <span class='ocrx_word' id='word_1_186' title='bbox 500 2670 648 2754; x_wconf 88' lang='lat' dir='ltr'><strong>denique,</strong></span> <span class='ocrx_word' id='word_1_187' title='bbox 679 2691 740 2755; x_wconf 93' lang='lat' dir='ltr'><strong>qua</strong></span> <span class='ocrx_word' id='word_1_188' title='bbox 760 2690 815 2754; x_wconf 87' lang='lat' dir='ltr'><strong>par</strong></span> <span class='ocrx_word' id='word_1_189' title='bbox 838 2674 902 2750; x_wconf 89' lang='lat' dir='ltr'><strong>cst,</strong></span> <span class='ocrx_word' id='word_1_190' title='bbox 934 2673 1001 2736; x_wconf 90' lang='lat' dir='ltr'><strong>tum</strong></span> <span class='ocrx_word' id='word_1_191' title='bbox 1024 2671 1157 2754; x_wconf 88' lang='lat' dir='ltr'><strong>corporis</strong></span> <span class='ocrx_word' id='word_1_192' title='bbox 1182 2671 1410 2754; x_wconf 87' lang='lat' dir='ltr'><strong>compositione,</strong></span> 
     </span>
     <span class='ocr_line' id='line_1_24' title="bbox 167 2773 1280 2858; baseline 0.004 -21"><span class='ocrx_word' id='word_1_193' title='bbox 167 2777 235 2837; x_wconf 86' lang='lat' dir='ltr'><strong>turn</strong></span> <span class='ocrx_word' id='word_1_194' title='bbox 259 2773 353 2838; x_wconf 85' lang='lat' dir='ltr'><strong>animi</strong></span> <span class='ocrx_word' id='word_1_195' title='bbox 378 2773 539 2840; x_wconf 83' lang='lat' dir='ltr'><strong>deuotione</strong></span> <span class='ocrx_word' id='word_1_196' title='bbox 562 2775 762 2840; x_wconf 88' lang='lat' dir='ltr'><strong>confirmandi</strong></span> <span class='ocrx_word' id='word_1_197' title='bbox 783 2776 840 2842; x_wconf 93' lang='lat' dir='ltr'><strong>hoc</strong></span> <span class='ocrx_word' id='word_1_198' title='bbox 863 2775 1096 2842; x_wconf 82' lang='lat' dir='ltr'><strong>Sacramentum</strong></span> <span class='ocrx_word' id='word_1_199' title='bbox 1121 2775 1280 2858; x_wconf 89' lang='lat' dir='ltr'><strong>recipiant.</strong></span> 
     </span>
    </p>

    <p class='ocr_par' dir='ltr' id='par_1_6' title="bbox 167 2877 1410 3380">
     <span class='ocr_line' id='line_1_25' title="bbox 271 2877 1410 2946; baseline 0.001 -4"><span class='ocrx_word' id='word_1_200' title='bbox 271 2880 300 2942; x_wconf 88' lang='lat'><strong>8.</strong></span> <span class='ocrx_word' id='word_1_201' title='bbox 324 2877 437 2944; x_wconf 86' lang='lat' dir='ltr'><strong>Sedulo</strong></span> <span class='ocrx_word' id='word_1_202' title='bbox 460 2881 564 2944; x_wconf 88' lang='lat' dir='ltr'><strong>antem</strong></span> <span class='ocrx_word' id='word_1_203' title='bbox 588 2881 757 2946; x_wconf 90' lang='lat' dir='ltr'><strong>curandum</strong></span> <span class='ocrx_word' id='word_1_204' title='bbox 781 2883 829 2946; x_wconf 90' lang='lat' dir='ltr'><strong>est</strong></span> <span class='ocrx_word' id='word_1_205' title='bbox 854 2887 888 2945; x_wconf 90' lang='lat' dir='ltr'><strong>nt</strong></span> <span class='ocrx_word' id='word_1_206' title='bbox 912 2881 942 2944; x_wconf 94' lang='lat' dir='ltr'><strong>iu</strong></span> <span class='ocrx_word' id='word_1_207' title='bbox 965 2880 1093 2944; x_wconf 86' lang='lat' dir='ltr'><strong>solemni</strong></span> <span class='ocrx_word' id='word_1_208' title='bbox 1111 2881 1201 2944; x_wconf 90' lang='lat' dir='ltr'><strong>huius</strong></span> <span class='ocrx_word' id='word_1_209' title='bbox 1218 2879 1410 2944; x_wconf 88' lang='lat' dir='ltr'><strong>Sacramenti</strong></span> 
     </span>
     <span class='ocr_line' id='line_1_26' title="bbox 167 2981 1409 3067; baseline 0.002 -21"><span class='ocrx_word' id='word_1_210' title='bbox 167 2981 435 3048; x_wconf 89' lang='lat' dir='ltr'><strong>administratione</strong></span> <span class='ocrx_word' id='word_1_211' title='bbox 466 2981 667 3048; x_wconf 87' lang='lat' dir='ltr'><strong>confirmandi</strong></span> <span class='ocrx_word' id='word_1_212' title='bbox 697 2984 801 3050; x_wconf 89' lang='lat' dir='ltr'><strong>adsint</strong></span> <span class='ocrx_word' id='word_1_213' title='bbox 833 2985 950 3067; x_wconf 88' lang='lat' dir='ltr'><strong>primae</strong></span> <span class='ocrx_word' id='word_1_214' title='bbox 974 3003 1120 3048; x_wconf 89' lang='lat' dir='ltr'><strong>manuum</strong></span> <span class='ocrx_word' id='word_1_215' title='bbox 1146 2984 1287 3066; x_wconf 78' lang='lat' dir='ltr'><strong>Episcopi</strong></span> <span class='ocrx_word' id='word_1_216' title='bbox 1311 2983 1409 3067; x_wconf 88' lang='lat' dir='ltr'><strong>impo-</strong></span> 
     </span>
     <span class='ocr_line' id='line_1_27' title="bbox 167 3086 1409 3171; baseline 0.002 -22"><span class='ocrx_word' id='word_1_217' title='bbox 167 3086 271 3151; x_wconf 88' lang='lat' dir='ltr'><strong>sitioni</strong></span> <span class='ocrx_word' id='word_1_218' title='bbox 294 3089 349 3150; x_wconf 89' lang='lat' dir='ltr'><strong>aut</strong></span> <span class='ocrx_word' id='word_1_219' title='bbox 372 3087 557 3152; x_wconf 69' lang='lat' dir='ltr'><strong>ostensioni:</strong></span> <span class='ocrx_word' id='word_1_220' title='bbox 582 3089 620 3152; x_wconf 86' lang='lat' dir='ltr'><strong>iis</strong></span> <span class='ocrx_word' id='word_1_221' title='bbox 635 3090 741 3152; x_wconf 88' lang='lat' dir='ltr'><strong>tamen</strong></span> <span class='ocrx_word' id='word_1_222' title='bbox 756 3089 808 3171; x_wconf 92' lang='lat' dir='ltr'><strong>qui</strong></span> <span class='ocrx_word' id='word_1_223' title='bbox 826 3088 904 3152; x_wconf 80' lang='lat' dir='ltr'><strong>forte</strong></span> <span class='ocrx_word' id='word_1_224' title='bbox 920 3087 1082 3166; x_wconf 85' lang='lat' dir='ltr'><strong>doluerint,</strong></span> <span class='ocrx_word' id='word_1_225' title='bbox 1107 3106 1253 3151; x_wconf 85' lang='lat' dir='ltr'><strong>rnanuum</strong></span> <span class='ocrx_word' id='word_1_226' title='bbox 1274 3088 1409 3152; x_wconf 87' lang='lat' dir='ltr'><strong>extensio</strong></span> 
     </span>
     <span class='ocr_line' id='line_1_28' title="bbox 167 3190 1409 3275; baseline 0.001 -22"><span class='ocrx_word' id='word_1_227' title='bbox 167 3191 301 3275; x_wconf 88' lang='lat' dir='ltr'><strong>suppleri</strong></span> <span class='ocrx_word' id='word_1_228' title='bbox 325 3210 382 3253; x_wconf 90' lang='lat' dir='ltr'><strong>uon</strong></span> <span class='ocrx_word' id='word_1_229' title='bbox 407 3191 509 3268; x_wconf 90' lang='lat' dir='ltr'><strong>debet,</strong></span> <span class='ocrx_word' id='word_1_230' title='bbox 532 3191 614 3274; x_wconf 91' lang='lat' dir='ltr'><strong>iique</strong></span> <span class='ocrx_word' id='word_1_231' title='bbox 637 3210 724 3257; x_wconf 84' lang='lat' dir='ltr'><strong>sacro</strong></span> <span class='ocrx_word' id='word_1_232' title='bbox 747 3192 916 3258; x_wconf 88' lang='lat' dir='ltr'><strong>chrismate</strong></span> <span class='ocrx_word' id='word_1_233' title='bbox 938 3191 1069 3256; x_wconf 86' lang='lat' dir='ltr'><strong>delibuti</strong></span> <span class='ocrx_word' id='word_1_234' title='bbox 1093 3191 1246 3256; x_wconf 89' lang='lat' dir='ltr'><strong>habentur</strong></span> <span class='ocrx_word' id='word_1_235' title='bbox 1270 3190 1316 3256; x_wconf 92' lang='lat' dir='ltr'><strong>uti</strong></span> <span class='ocrx_word' id='word_1_236' title='bbox 1340 3210 1409 3256; x_wconf 84' lang='lat' dir='ltr'><strong>rere</strong></span> 
     </span>
     <span class='ocr_line' id='line_1_29' title="bbox 167 3295 389 3380; baseline 0.009 -22"><span class='ocrx_word' id='word_1_237' title='bbox 167 3295 340 3360; x_wconf 87' lang='lat' dir='ltr'><strong>confirmati</strong></span> <span class='ocrx_word' id='word_1_238' title='bbox 354 3295 389 3380; x_wconf 81' lang='lat'><strong>²).</strong></span> 
     </span>
    </p>

    <p class='ocr_par' dir='ltr' id='par_1_7' title="bbox 163 3399 1409 4322">
     <span class='ocr_line' id='line_1_30' title="bbox 269 3399 1408 3484; baseline -0.002 -20"><span class='ocrx_word' id='word_1_239' title='bbox 269 3401 299 3466; x_wconf 84' lang='lat'><strong>9.</strong></span> <span class='ocrx_word' id='word_1_240' title='bbox 331 3401 507 3484; x_wconf 82' lang='lat' dir='ltr'><strong>Antequam</strong></span> <span class='ocrx_word' id='word_1_241' title='bbox 531 3400 698 3484; x_wconf 89' lang='lat' dir='ltr'><strong>Episcopus</strong></span> <span class='ocrx_word' id='word_1_242' title='bbox 720 3400 970 3467; x_wconf 74' lang='lat' dir='ltr'><strong>confirmationis</strong></span> <span class='ocrx_word' id='word_1_243' title='bbox 992 3401 1085 3466; x_wconf 90' lang='lat' dir='ltr'><strong>ritum</strong></span> <span class='ocrx_word' id='word_1_244' title='bbox 1113 3399 1305 3477; x_wconf 83' lang='lat' dir='ltr'><strong>exordiatur,</strong></span> <span class='ocrx_word' id='word_1_245' title='bbox 1337 3416 1408 3463; x_wconf 90' lang='lat' dir='ltr'><strong>cou-</strong></span> 
     </span>
     <span class='ocr_line' id='line_1_31' title="bbox 166 3503 1408 3589; baseline 0 -22"><span class='ocrx_word' id='word_1_246' title='bbox 166 3503 318 3582; x_wconf 86' lang='lat' dir='ltr'><strong>firmandi,</strong></span> <span class='ocrx_word' id='word_1_247' title='bbox 343 3504 491 3569; x_wconf 88' lang='lat' dir='ltr'><strong>seiunctis</strong></span> <span class='ocrx_word' id='word_1_248' title='bbox 516 3505 652 3570; x_wconf 85' lang='lat' dir='ltr'><strong>muribus</strong></span> <span class='ocrx_word' id='word_1_249' title='bbox 672 3524 690 3569; x_wconf 92' lang='lat' dir='ltr'><strong>a</strong></span> <span class='ocrx_word' id='word_1_250' title='bbox 707 3507 856 3582; x_wconf 79' lang='lat' dir='ltr'><strong>foeminis,</strong></span> <span class='ocrx_word' id='word_1_251' title='bbox 878 3505 915 3570; x_wconf 88' lang='lat' dir='ltr'><strong>ed</strong></span> <span class='ocrx_word' id='word_1_252' title='bbox 934 3509 1022 3570; x_wconf 90' lang='lat' dir='ltr'><strong>actus</strong></span> <span class='ocrx_word' id='word_1_253' title='bbox 1039 3505 1120 3582; x_wconf 85' lang='lat' dir='ltr'><strong>fidei,</strong></span> <span class='ocrx_word' id='word_1_254' title='bbox 1145 3503 1219 3589; x_wconf 90' lang='lat' dir='ltr'><strong>spei,</strong></span> <span class='ocrx_word' id='word_1_255' title='bbox 1244 3503 1408 3568; x_wconf 84' lang='lat' dir='ltr'><strong>eharitatis</strong></span> 
     </span>
     <span class='ocr_line' id='line_1_32' title="bbox 166 3607 1408 3694; baseline 0.001 -24"><span class='ocrx_word' id='word_1_256' title='bbox 166 3610 198 3671; x_wconf 91' lang='lat' dir='ltr'><strong>et</strong></span> <span class='ocrx_word' id='word_1_257' title='bbox 231 3607 425 3672; x_wconf 84' lang='lat' dir='ltr'><strong>contritionis</strong></span> <span class='ocrx_word' id='word_1_258' title='bbox 458 3608 623 3675; x_wconf 89' lang='lat' dir='ltr'><strong>eliciendos</strong></span> <span class='ocrx_word' id='word_1_259' title='bbox 655 3612 844 3688; x_wconf 66' lang='lat' dir='ltr'><strong>excitantem</strong></span> <span class='ocrx_word' id='word_1_260' title='bbox 875 3610 955 3694; x_wconf 90' lang='lat' dir='ltr'><strong>qnod</strong></span> <span class='ocrx_word' id='word_1_261' title='bbox 982 3628 1042 3694; x_wconf 92' lang='lat' dir='ltr'><strong>quo</strong></span> <span class='ocrx_word' id='word_1_262' title='bbox 1073 3609 1193 3675; x_wconf 84' lang='lat' dir='ltr'><strong>lucilius</strong></span> <span class='ocrx_word' id='word_1_263' title='bbox 1222 3607 1408 3687; x_wconf 89' lang='lat' dir='ltr'><strong>obtineatur,</strong></span> 
     </span>
     <span class='ocr_line' id='line_1_33' title="bbox 166 3711 1409 3797; baseline 0.004 -24"><span class='ocrx_word' id='word_1_264' title='bbox 166 3711 342 3775; x_wconf 87' lang='lat' dir='ltr'><strong>eorumdem</strong></span> <span class='ocrx_word' id='word_1_265' title='bbox 366 3715 492 3777; x_wconf 88' lang='lat' dir='ltr'><strong>actuum</strong></span> <span class='ocrx_word' id='word_1_266' title='bbox 516 3714 684 3792; x_wconf 86' lang='lat' dir='ltr'><strong>termulae,</strong></span> <span class='ocrx_word' id='word_1_267' title='bbox 709 3715 874 3797; x_wconf 89' lang='lat' dir='ltr'><strong>praeeunte</strong></span> <span class='ocrx_word' id='word_1_268' title='bbox 898 3714 1071 3792; x_wconf 89' lang='lat' dir='ltr'><strong>sacerdote,</strong></span> <span class='ocrx_word' id='word_1_269' title='bbox 1102 3714 1139 3777; x_wconf 89' lang='lat' dir='ltr'><strong>ab</strong></span> <span class='ocrx_word' id='word_1_270' title='bbox 1161 3713 1302 3779; x_wconf 89' lang='lat' dir='ltr'><strong>omnibus</strong></span> <span class='ocrx_word' id='word_1_271' title='bbox 1326 3712 1409 3778; x_wconf 89' lang='lat' dir='ltr'><strong>elata</strong></span> 
     </span>
     <span class='ocr_line' id='line_1_34' title="bbox 166 3815 1407 3901; baseline 0.004 -24"><span class='ocrx_word' id='word_1_272' title='bbox 166 3832 237 3879; x_wconf 83' lang='lat' dir='ltr'><strong>voce</strong></span> <span class='ocrx_word' id='word_1_273' title='bbox 260 3833 296 3880; x_wconf 84' lang='lat' dir='ltr'><strong>ac</strong></span> <span class='ocrx_word' id='word_1_274' title='bbox 317 3815 463 3882; x_wconf 88' lang='lat' dir='ltr'><strong>distincte</strong></span> <span class='ocrx_word' id='word_1_275' title='bbox 487 3819 665 3884; x_wconf 87' lang='lat' dir='ltr'><strong>recitentur.</strong></span> <span class='ocrx_word' id='word_1_276' title='bbox 712 3819 811 3883; x_wconf 88' lang='lat' dir='ltr'><strong>Iidem</strong></span> <span class='ocrx_word' id='word_1_277' title='bbox 837 3817 1036 3883; x_wconf 85' lang='lat' dir='ltr'><strong>confirmandi</strong></span> <span class='ocrx_word' id='word_1_278' title='bbox 1068 3821 1171 3882; x_wconf 87' lang='lat' dir='ltr'><strong>autern</strong></span> <span class='ocrx_word' id='word_1_279' title='bbox 1204 3836 1305 3901; x_wconf 88' lang='lat' dir='ltr'><strong>genua</strong></span> <span class='ocrx_word' id='word_1_280' title='bbox 1334 3818 1407 3882; x_wconf 91' lang='lat' dir='ltr'><strong>sub·</strong></span> 
     </span>
     <span class='ocr_line' id='line_1_35' title="bbox 167 3918 1406 4006; baseline 0.003 -25"><span class='ocrx_word' id='word_1_281' title='bbox 167 3918 293 3984; x_wconf 89' lang='lat' dir='ltr'><strong>mittent</strong></span> <span class='ocrx_word' id='word_1_282' title='bbox 315 3923 347 3986; x_wconf 91' lang='lat' dir='ltr'><strong>et</strong></span> <span class='ocrx_word' id='word_1_283' title='bbox 371 3940 479 3986; x_wconf 88' lang='lat' dir='ltr'><strong>manus</strong></span> <span class='ocrx_word' id='word_1_284' title='bbox 503 3925 574 3987; x_wconf 91' lang='lat' dir='ltr'><strong>aute</strong></span> <span class='ocrx_word' id='word_1_285' title='bbox 599 3925 706 4006; x_wconf 86' lang='lat' dir='ltr'><strong>pectus</strong></span> <span class='ocrx_word' id='word_1_286' title='bbox 729 3926 891 3988; x_wconf 88' lang='lat' dir='ltr'><strong>conserent</strong></span> <span class='ocrx_word' id='word_1_287' title='bbox 914 3941 975 3987; x_wconf 93' lang='lat' dir='ltr'><strong>non</strong></span> <span class='ocrx_word' id='word_1_288' title='bbox 992 3922 1081 3988; x_wconf 91' lang='lat' dir='ltr'><strong>modo</strong></span> <span class='ocrx_word' id='word_1_289' title='bbox 1098 3922 1170 3987; x_wconf 91' lang='lat' dir='ltr'><strong>dnm</strong></span> <span class='ocrx_word' id='word_1_290' title='bbox 1189 3921 1356 4004; x_wconf 88' lang='lat' dir='ltr'><strong>Episcopus</strong></span> <span class='ocrx_word' id='word_1_291' title='bbox 1375 3920 1406 3985; x_wconf 93' lang='lat' dir='ltr'><strong>in</strong></span> 
     </span>
     <span class='ocr_line' id='line_1_36' title="bbox 163 4023 1406 4110; baseline 0.002 -24"><span class='ocrx_word' id='word_1_292' title='bbox 163 4041 215 4088; x_wconf 87' lang='lat' dir='ltr'><strong>eos</strong></span> <span class='ocrx_word' id='word_1_293' title='bbox 237 4025 337 4089; x_wconf 87' lang='lat' dir='ltr'><strong>sancti</strong></span> <span class='ocrx_word' id='word_1_294' title='bbox 360 4023 494 4108; x_wconf 85' lang='lat' dir='ltr'><strong>Spiritus</strong></span> <span class='ocrx_word' id='word_1_295' title='bbox 521 4025 667 4110; x_wconf 87' lang='lat' dir='ltr'><strong>illapsum</strong></span> <span class='ocrx_word' id='word_1_296' title='bbox 700 4028 840 4105; x_wconf 90' lang='lat' dir='ltr'><strong>invocat,</strong></span> <span class='ocrx_word' id='word_1_297' title='bbox 874 4027 926 4092; x_wconf 88' lang='lat' dir='ltr'><strong>sed</strong></span> <span class='ocrx_word' id='word_1_298' title='bbox 958 4027 1053 4090; x_wconf 91' lang='lat' dir='ltr'><strong>etiarn</strong></span> <span class='ocrx_word' id='word_1_299' title='bbox 1089 4026 1161 4090; x_wconf 90' lang='lat' dir='ltr'><strong>dum</strong></span> <span class='ocrx_word' id='word_1_300' title='bbox 1192 4045 1242 4090; x_wconf 93' lang='lat' dir='ltr'><strong>eos</strong></span> <span class='ocrx_word' id='word_1_301' title='bbox 1271 4024 1406 4108; x_wconf 89' lang='lat' dir='ltr'><strong>inungit.</strong></span> 
     </span>
     <span class='ocr_line' id='line_1_37' title="bbox 165 4127 1405 4213; baseline 0.001 -21"><span class='ocrx_word' id='word_1_302' title='bbox 165 4127 278 4194; x_wconf 88' lang='lat' dir='ltr'><strong>Nullus</strong></span> <span class='ocrx_word' id='word_1_303' title='bbox 302 4147 372 4193; x_wconf 88' lang='lat' dir='ltr'><strong>vero</strong></span> <span class='ocrx_word' id='word_1_304' title='bbox 395 4131 596 4195; x_wconf 86' lang='lat' dir='ltr'><strong>confirmatus</strong></span> <span class='ocrx_word' id='word_1_305' title='bbox 628 4131 783 4207; x_wconf 89' lang='lat' dir='ltr'><strong>discedat,</strong></span> <span class='ocrx_word' id='word_1_306' title='bbox 815 4131 873 4194; x_wconf 86' lang='lat' dir='ltr'><strong>nisi</strong></span> <span class='ocrx_word' id='word_1_307' title='bbox 899 4129 1109 4196; x_wconf 89' lang='lat' dir='ltr'><strong>benedictione</strong></span> <span class='ocrx_word' id='word_1_308' title='bbox 1134 4131 1275 4212; x_wconf 87' lang='lat' dir='ltr'><strong>accepta,</strong></span> <span class='ocrx_word' id='word_1_309' title='bbox 1303 4147 1405 4213; x_wconf 85' lang='lat' dir='ltr'><strong>quarn,</strong></span> 
     </span>
     <span class='ocr_line' id='line_1_38' title="bbox 164 4227 898 4322; baseline 0.007 -26"><span class='ocrx_word' id='word_1_310' title='bbox 164 4227 224 4298; x_wconf 85' lang='lat' dir='ltr'><strong>ritu</strong></span> <span class='ocrx_word' id='word_1_311' title='bbox 249 4234 398 4310; x_wconf 89' lang='lat' dir='ltr'><strong>absoluto,</strong></span> <span class='ocrx_word' id='word_1_312' title='bbox 426 4235 592 4318; x_wconf 87' lang='lat' dir='ltr'><strong>Episcopus</strong></span> <span class='ocrx_word' id='word_1_313' title='bbox 615 4233 844 4322; x_wconf 67' lang='lat' dir='ltr'><strong>impertituri).</strong></span> <span class='ocrx_word' id='word_1_314' title='bbox 891 4231 898 4242; x_wconf 90' lang='lat'>&#39;</span> 
     </span>
    </p>

    <p class='ocr_par' dir='ltr' id='par_1_8' title="bbox 161 4337 1406 4528">
     <span class='ocr_line' id='line_1_39' title="bbox 268 4337 1406 4423; baseline 0.003 -22"><span class='ocrx_word' id='word_1_315' title='bbox 268 4337 319 4405; x_wconf 87' lang='grc'><strong>10.</strong></span> <span class='ocrx_word' id='word_1_316' title='bbox 345 4337 403 4403; x_wconf 89' lang='lat' dir='ltr'><strong>Ubi</strong></span> <span class='ocrx_word' id='word_1_317' title='bbox 426 4339 529 4403; x_wconf 90' lang='lat' dir='ltr'><strong>omnia</strong></span> <span class='ocrx_word' id='word_1_318' title='bbox 549 4341 673 4422; x_wconf 88' lang='lat' dir='ltr'><strong>peracta</strong></span> <span class='ocrx_word' id='word_1_319' title='bbox 697 4339 821 4416; x_wconf 84' lang='lat' dir='ltr'><strong>luerint,</strong></span> <span class='ocrx_word' id='word_1_320' title='bbox 845 4340 996 4423; x_wconf 88' lang='lat' dir='ltr'><strong>parochus</strong></span> <span class='ocrx_word' id='word_1_321' title='bbox 1020 4357 1077 4404; x_wconf 91' lang='lat' dir='ltr'><strong>non</strong></span> <span class='ocrx_word' id='word_1_322' title='bbox 1103 4338 1331 4421; x_wconf 88' lang='lat' dir='ltr'><strong>praetermittat</strong></span> <span class='ocrx_word' id='word_1_323' title='bbox 1352 4358 1406 4421; x_wconf 92' lang='lat' dir='ltr'><strong>pa·</strong></span> 
     </span>
     <span class='ocr_line' id='line_1_40' title="bbox 161 4440 1405 4528; baseline 0.004 -25"><span class='ocrx_word' id='word_1_324' title='bbox 161 4440 260 4504; x_wconf 88' lang='lat' dir='ltr'><strong>trinos</strong></span> <span class='ocrx_word' id='word_1_325' title='bbox 280 4444 539 4508; x_wconf 89' lang='lat' dir='ltr'><strong>commonelacere</strong></span> <span class='ocrx_word' id='word_1_326' title='bbox 562 4443 599 4508; x_wconf 92' lang='lat' dir='ltr'><strong>de</strong></span> <span class='ocrx_word' id='word_1_327' title='bbox 622 4444 798 4527; x_wconf 84' lang='lat' dir='ltr'><strong>cognationi</strong></span> <span class='ocrx_word' id='word_1_328' title='bbox 823 4443 978 4527; x_wconf 90' lang='lat' dir='ltr'><strong>spirituali</strong></span> <span class='ocrx_word' id='word_1_329' title='bbox 1002 4463 1094 4528; x_wconf 92' lang='lat' dir='ltr'><strong>quam</strong></span> <span class='ocrx_word' id='word_1_330' title='bbox 1123 4462 1193 4509; x_wconf 86' lang='lat' dir='ltr'><strong>curn</strong></span> <span class='ocrx_word' id='word_1_331' title='bbox 1217 4443 1405 4509; x_wconf 87' lang='lat' dir='ltr'><strong>confirmatis</strong></span> 
     </span>
    </p>
   </div>
   <div class='ocr_carea' id='block_1_3' title="bbox 165 4559 474 4570">
    <p class='ocr_par' dir='ltr' id='par_1_9' title="bbox 165 4559 474 4570">
     <span class='ocr_line' id='line_1_41' title="bbox 165 4559 474 4570; baseline 0.016 -5"><span class='ocrx_word' id='word_1_332' title='bbox 165 4559 380 4568; x_wconf 66' lang='lat'><em>-.---———-——</em></span> <span class='ocrx_word' id='word_1_333' title='bbox 398 4562 474 4570; x_wconf 42' lang='grc' dir='ltr'><strong>ἡ.</strong></span> 
     </span>
    </p>
   </div>
   <div class='ocr_carea' id='block_1_4' title="bbox 161 4598 1403 4754">
    <p class='ocr_par' dir='ltr' id='par_1_10' title="bbox 161 4598 1403 4754">
     <span class='ocr_line' id='line_1_42' title="bbox 266 4598 1403 4671; baseline 0.005 -20"><span class='ocrx_word' id='word_1_334' title='bbox 266 4599 292 4664; x_wconf 91' lang='lat' dir='ltr'><strong>l)</strong></span> <span class='ocrx_word' id='word_1_335' title='bbox 312 4598 410 4653; x_wconf 83' lang='lat' dir='ltr'><strong>Eened</strong></span> <span class='ocrx_word' id='word_1_336' title='bbox 423 4599 506 4662; x_wconf 77' lang='lat' dir='ltr'><strong>xlv,</strong></span> <span class='ocrx_word' id='word_1_337' title='bbox 525 4599 566 4654; x_wconf 86' lang='lat' dir='ltr'><strong>Dc</strong></span> <span class='ocrx_word' id='word_1_338' title='bbox 583 4599 684 4670; x_wconf 77' lang='lat' dir='ltr'><strong>Synod</strong></span> <span class='ocrx_word' id='word_1_339' title='bbox 702 4599 815 4656; x_wconf 74' lang='lat' dir='ltr'><strong>dtamen</strong></span> <span class='ocrx_word' id='word_1_340' title='bbox 833 4599 881 4655; x_wconf 89' lang='lat' dir='ltr'><strong>lib.</strong></span> <span class='ocrx_word' id='word_1_341' title='bbox 894 4599 954 4665; x_wconf 85' lang='lat' dir='ltr'><strong>vn,</strong></span> <span class='ocrx_word' id='word_1_342' title='bbox 972 4617 1029 4669; x_wconf 88' lang='lat' dir='ltr'><strong>cap.</strong></span> <span class='ocrx_word' id='word_1_343' title='bbox 1043 4601 1084 4666; x_wconf 85' lang='lat'><strong>10,</strong></span> <span class='ocrx_word' id='word_1_344' title='bbox 1101 4617 1147 4657; x_wconf 91' lang='lat' dir='ltr'><strong>nn.</strong></span> <span class='ocrx_word' id='word_1_345' title='bbox 1162 4601 1217 4658; x_wconf 78' lang='grc'><strong>3-7.</strong></span> <span class='ocrx_word' id='word_1_346' title='bbox 1236 4627 1272 4642; x_wconf 87' lang='lat'><strong>-·</strong></span> <span class='ocrx_word' id='word_1_347' title='bbox 1289 4602 1318 4671; x_wconf 74' lang='lat' dir='ltr'><strong>i)</strong></span> <span class='ocrx_word' id='word_1_348' title='bbox 1332 4600 1359 4656; x_wconf 84' lang='grc'><strong>8.</strong></span> <span class='ocrx_word' id='word_1_349' title='bbox 1372 4599 1403 4657; x_wconf 89' lang='grc'><strong>0.</strong></span> 
     </span>
     <span class='ocr_line' id='line_1_43' title="bbox 161 4680 1026 4754; baseline 0.007 -18"><span class='ocrx_word' id='word_1_350' title='bbox 161 4680 204 4737; x_wconf 88' lang='lat' dir='ltr'><strong>die</strong></span> <span class='ocrx_word' id='word_1_351' title='bbox 223 4683 247 4737; x_wconf 84' lang='grc'><strong>7.</strong></span> <span class='ocrx_word' id='word_1_352' title='bbox 265 4683 351 4752; x_wconf 76' lang='lat' dir='ltr'><strong>April</strong></span> <span class='ocrx_word' id='word_1_353' title='bbox 371 4684 447 4740; x_wconf 68' lang='lat'>1872.</span> <span class='ocrx_word' id='word_1_354' title='bbox 468 4713 499 4726; x_wconf 89' lang='lat'>-</span> <span class='ocrx_word' id='word_1_355' title='bbox 517 4685 545 4754; x_wconf 75' lang='lat' dir='ltr'><strong>S)</strong></span> <span class='ocrx_word' id='word_1_356' title='bbox 565 4685 666 4741; x_wconf 78' lang='lat' dir='ltr'><strong>Pontii.</strong></span> <span class='ocrx_word' id='word_1_357' title='bbox 684 4701 751 4741; x_wconf 83' lang='lat' dir='ltr'><strong>rom.</strong></span> <span class='ocrx_word' id='word_1_358' title='bbox 770 4687 810 4741; x_wconf 82' lang='lat' dir='ltr'><strong>lie</strong></span> <span class='ocrx_word' id='word_1_359' title='bbox 828 4687 1026 4742; x_wconf 72' lang='lat' dir='ltr'><strong>mullinandia</strong></span> 
     </span>
    </p>
   </div>
   <div class='ocr_carea' id='block_1_5' title="bbox 0 0 1642 4917">
    <p class='ocr_par' dir='ltr' id='par_1_11' title="bbox 0 0 1642 4917">
     <span class='ocr_line' id='line_1_44' title="bbox 0 0 1642 4917; baseline 0 2"><span class='ocrx_word' id='word_1_360' title='bbox 0 0 1642 4917; x_wconf 95' lang='lat' dir='ltr'><strong> </strong></span> 
     </span>
    </p>
   </div>
  </div>
 </body>
</html>
