3275 4917
229 288 294 355 284
483 303 626 375 synodus
645 301 897 362 Permaneto
916 301 1076 362 bracenae·
1095 322 1123 360 a.
1140 301 1222 361 1892.

336 479 385 546 13.
438 477 516 544 Cum
555 496 626 543 sero
669 478 845 545 vaferrimis
888 479 1041 544 sectamur
1088 477 1208 544 artibus
1252 477 1474 563 fraudibusque

229 585 457 661 adolescentes,
487 581 621 648 artifices
652 587 685 648 et
710 585 841 667 operarii
864 583 988 650 facilins
1007 583 1091 648 allici
1114 583 1147 647 et
1168 583 1237 666 capi
1259 583 1396 660 soleant,
1421 603 1474 668 pro

230 689 280 754 lais
306 688 476 774 peculiares
504 706 597 752 curae
626 687 819 754 adhibendae
849 689 930 754 sunt
973 689 1076 772 Atque
1099 687 1138 751 ad
1161 687 1371 754 adolescentes
1394 687 1474 771 quod

230 794 354 870 attinet,
377 791 579 856 adnitendum
603 810 797 875 summopere
818 795 867 857 est
890 795 925 857 nt
945 792 1005 875 ipsi
1028 813 1047 856 a
1069 791 1184 857 teneris
1202 793 1290 856 aunis
1305 795 1371 856 tam
1391 793 1474 857 intra

230 899 415 963 domesticos
439 896 585 978 parietes,
616 915 709 980 quam
741 897 770 960 in
800 896 939 962 ecclesiis
961 898 993 961 et
1015 896 1045 961 in
1069 896 1183 962 sclrolis
1204 896 1243 960 ad
1272 896 1473 961 christianam

229 1001 322 1066 fidem
347 1002 593 1084 christianosque
614 1020 715 1066 mores
736 1003 880 1066 accurate
905 999 1126 1077 informentur,
1156 1005 1188 1065 et
1213 1001 1396 1083 tempestiue
1419 1001 1474 1065 do·

230 1109 358 1171 ceantur
379 1125 443 1189 qna
464 1106 585 1172 ratione
607 1106 666 1170 sibi
689 1107 728 1170 ab
755 1106 877 1171 insidiis
899 1105 1160 1172 tenebrosicarnm
1187 1106 1342 1171 sectarum
1369 1124 1475 1170 canere

231 1212 372 1276 debcant.

337 1315 386 1380 14.
418 1315 460 1380 Ut
481 1318 587 1380 autem
609 1314 732 1379 lucilius
753 1333 858 1380 eorum
879 1313 974 1379 saluti
998 1315 1187 1390 consulatur,
1218 1314 1343 1398 parocbi
1367 1318 1476 1380 curent

232 1422 268 1485 ut
297 1439 332 1484 cx
362 1419 424 1484 illis
457 1418 627 1484 conflentur
656 1418 838 1492 societates,
870 1437 948 1502 qnae
977 1438 996 1483 e
1022 1417 1203 1484 beatissima
1227 1409 1354 1504 Virgine
1376 1418 1474 1484 alioue

230 1523 357 1590 caelesti
382 1524 516 1589 Patrono
538 1542 648 1589 nomeu
671 1523 806 1606 capiant.
852 1521 971 1603 Quibus
1003 1524 1033 1586 in
1066 1522 1285 1600 societatibus,
1317 1523 1413 1588 veluti
1442 1521 1473 1586 in

231 1628 411 1712 palaestris,
442 1627 650 1694 adolescentes
681 1629 820 1692 animum
846 1629 968 1692 sument
991 1627 1030 1692 ad
1055 1628 1185 1693 uirtutes
1207 1627 1351 1693 colendas
1374 1631 1406 1691 et
1428 1646 1472 1692 re

231 1733 378 1818 ligionom
398 1735 505 1814 aperto
528 1751 598 1807 ora,
625 1733 812 1815 contemptis
836 1731 999 1814 impioram
1023 1731 1231 1808 irrisionibus,
1262 1731 1473 1815 profitendam,

230 1837 385 1920 simulque
407 1838 585 1902 assuescent
602 1837 725 1902 borrere
742 1835 893 1921 quidquid
909 1855 928 1900 a
943 1835 1099 1902 catholice
1115 1837 1246 1902 veritate
1260 1839 1293 1900 et
1308 1835 1474 1901 sanctitate

232 1942 368 2008 alienum
392 1940 445 2006 sit

339 2047 388 2109 15.
418 2044 518 2109 Iidem
548 2044 674 2127 parocbi
698 2045 822 2128 iusuper
844 2049 955 2110 curent
976 2043 1049 2110 binc
1070 2047 1191 2128 patres,
1224 2044 1313 2110 illinc
1342 2046 1476 2110 matres·

232 2150 368 2215 familias
391 2150 526 2213 fraterno
549 2147 669 2213 loedere
691 2148 931 2232 coniungendas,
954 2153 991 2214 ut
1014 2149 1129 2213 viribus
1151 2149 1248 2214 unitis
1265 2152 1367 2213 rectae
1385 2148 1475 2214 insti·

232 2253 347 2321 tutioui
369 2257 402 2316 et
424 2255 568 2318 aeternae
591 2252 731 2337 propriae
753 2252 867 2318 sobolis
889 2252 985 2318 saluti
1007 2252 1110 2336 aptius
1132 2253 1257 2318 studere
1272 2256 1305 2318 et
1320 2252 1476 2318 efficacius

232 2356 392 2425 consulere
414 2360 539 2441 queant.

338 2463 388 2528 lo.
413 2461 553 2547 Itemque
575 2467 684 2526 curent
709 2466 745 2528 nt
765 2462 932 2528 societates
954 2461 1110 2528 artificum
1134 2463 1167 2530 et
1185 2461 1404 2546 operariorum,
1427 2479 1474 2526 re·

231 2567 357 2650 ligiouis
379 2585 415 2629 ac
439 2565 540 2630 mutui
563 2565 682 2642 auxilii,
704 2567 824 2631 adscito
846 2566 906 2631 sibi
931 2567 1058 2632 caelesti
1078 2569 1220 2652 patrono,
1241 2565 1421 2641 condentur,
1444 2567 1476 2629 ct

233 2673 264 2735 iu
287 2669 352 2734 dies
376 2687 503 2734 numero
525 2671 677 2734 sociorum
700 2673 886 2752 augeantur.

339 2774 387 2838 17.
423 2773 530 2856 Neque
555 2773 741 2855 peculiarem
765 2774 967 2856 parochorum
991 2792 1097 2840 curam
1121 2774 1222 2859 lugiet
1245 2773 1397 2840 mirabilis
1419 2773 1476 2838 illa

235 2897 378 2960 »precum
409 2882 441 2942 et
471 2895 598 2959 operam
628 2878 778 2943 societas«
812 2878 921 2962 (uulgo
942 2878 1148 2961 l'Apoatolato
1172 2879 1259 2945 della
1285 2877 1476 2963 propiciam),

230 3001 310 3067 qnae
340 2982 496 3047 nonnullis
525 2984 558 3046 iu
589 2981 664 3046 locis
694 2982 758 3048 iam
785 2967 957 3049 adolescere
986 2983 1096 3066 coepit.
1141 2981 1340 3066 Summopere
1371 2985 1475 3046 subm

231 3090 339 3152 curent
370 3091 407 3151 ut
438 3087 510 3151 hnic
543 3087 684 3152 societati
720 3087 940 3170 quamplurimi
974 3086 1189 3153 adscribantur
1221 3087 1335 3172 quibus
1369 3085 1477 3171 religio

231 3192 316 3256 cordi
338 3195 395 3258 ast.
429 3192 511 3256 Nam
534 3211 605 3257 cnm
629 3211 665 3256 ea
689 3193 879 3274 propositum
904 3192 1028 3268 babeat,
1052 3191 1187 3275 generali
1207 3190 1343 3274 quadam
1359 3189 1478 3255 animo·

232 3315 300 3360 runs
324 3297 540 3371 consensione,
560 3315 621 3378 qna
644 3297 732 3377 patet
754 3296 908 3360 catholica
931 3296 1089 3372 Ecclesia,
1112 3295 1272 3379 religionis
1295 3314 1332 3360 ac
1352 3293 1477 3378 pietatis

232 3419 324 3483 opera
346 3399 447 3465 lovere
470 3404 502 3464 et
524 3398 714 3482 amplificare
735 3399 918 3483 divinaeque
940 3399 1146 3484 indignationi
1169 3398 1337 3483 placandae
1355 3398 1477 3463 assidue

231 3503 374 3582 studere,
410 3503 500 3568 facile
534 3502 723 3586 intelligitur
757 3507 893 3587 quantae
929 3507 1050 3569 misaris
1092 3505 1176 3569 bisce
1216 3504 1407 3588 temporibus
1435 3502 1478 3566 sit

231 3607 389 3674 utilitatis.
437 3603 606 3672 Hortamur
628 3609 734 3672 autern
758 3609 793 3672 ut
815 3607 897 3671 inter
928 3608 1072 3690 precandi
1104 3609 1251 3674 termulae
1283 3627 1319 3672 ea
1346 3607 1477 3672 maxime

232 3715 397 3795 usurpetur
419 3730 512 3794 quam
538 3710 850 3786 resacrambam,
882 3730 1053 3796 quamque,
1086 3713 1132 3776 uti
1164 3711 1478 3795 praestantissimam,

233 3816 293 3881 Leo
317 3815 403 3882 Xlll
428 3815 629 3897 amplissimis
650 3815 739 3880 alfort
767 3815 911 3880 laudibus
941 3817 973 3881 et
1002 3815 1141 3881 fideliam
1172 3815 1285 3881 animis
1315 3817 1477 3900 impensis-

134 3948 145 3954 ··
231 3921 308 3985 sime
329 3919 474 3985 inculcat.
521 3919 607 3984 luter
629 3938 722 4003 opera
749 3939 819 3984 sero
849 3919 975 4003 pietatis
1002 3939 1039 3986 ea
1070 3919 1266 4004 suscipienda
1295 3923 1369 3986 sant
1398 3937 1478 4003 quae

232 4027 272 4088 ab
302 4025 341 4090 ils
375 4024 427 4109 qui
463 4024 591 4089 tertium
623 4025 722 4089 sancti
754 4023 911 4089 Francisni
947 4023 1093 4091 Ordinem
1129 4025 1313 4108 profitentur
1343 4022 1395 4108 (de
1417 4041 1477 4107 qno

232 4128 392 4212 loquemur
414 4128 576 4213 interius),
603 4132 635 4194 et
666 4145 683 4193 a
715 4128 874 4194 sodalibus
902 4129 1003 4194 sancti
1037 4129 1191 4196 Vincentii
1222 4147 1242 4194 a
1272 4127 1367 4194 Paulo
1398 4127 1477 4193 obiri

347 4234 357 4276 r

232 4233 387 4403 s⁰lentlli.
422 4338 551 4403 Parecbi
578 4337 709 4422 denique
734 4341 844 4404 curent
866 4339 902 4403 ut
924 4337 1063 4403 familiae
1091 4338 1356 4422 quamplurimae,
1385 4353 1476 4421 prae·

232 4441 340 4506 sertim
363 4442 588 4524 operiarorum,
620 4442 650 4507 in
672 4461 768 4526 quas,
797 4445 833 4507 nt
862 4443 980 4508 dictum
1005 4443 1053 4508 est
1075 4462 1104 4507 n.
1130 4441 1189 4521 13,
1222 4441 1405 4508 insidiarum
1430 4441 1476 4505 ris

339 4649 364 4716 Ι)
381 4649 528 4705 lustrantia
545 4668 567 4705 a
586 4666 653 4706 rom.
670 4653 699 4705 et
714 4648 787 4704 unlr.
805 4647 1004 4718 Irqubitlonis,
1025 4648 1065 4705 10.
1081 4649 1147 4704 Maii
1166 4649 1241 4705 lesa
