3275 4917
614 229 695 285 Pars
711 233 833 300 mma:
860 231 904 286 De
923 231 1007 286 usuc.
1369 213 1432 278 239

185 405 379 486 corrigatur3
402 403 452 467 cui
476 403 502 467 si
525 422 585 468 nen
606 402 782 486 praebuerit
804 422 912 480 aures,
937 423 984 468 res
1005 403 1046 468 ¹nd
1071 403 1135 468 Nes
1160 402 1206 470 rel
1232 403 1271 468 ad
1295 406 1434 468 nostrum

188 508 345 572 Vicarium
366 507 541 590 generalem
568 507 733 575 deleratur.

290 612 320 676 8.
346 611 543 677 Meminerint
566 613 670 677 autem
694 613 818 694 parochi
842 613 1008 677 consuetae
1032 611 1117 677 serbi
1134 611 1192 675 Dei
1207 611 1434 694 praedicationi

189 715 376 799 »adiungere
410 715 566 782 interdum
600 720 739 799 oportere
773 716 1016 783 extraordinaria
1047 715 1190 780 subsidia
1224 715 1433 799 spiritualium

186 819 400 886 exercitiorum
425 822 457 884 et
479 838 636 886 sacrarum
662 819 852 900 missionum,
875 840 961 905 quas,
984 821 1038 886 uhi
1054 820 1201 904 operariis
1216 819 1334 887 idoneis
1349 840 1433 884 com·

188 924 299 989 missae
323 923 454 1001 luerint,
478 923 566 989 valde
587 923 696 1001 utiles,
728 925 926 991 benedicente
952 925 1099 1004 Domino,
1129 944 1195 990 esse
1222 926 1344 990 constat
1366 925 1433 990 tum

188 1027 337 1092 terendae
360 1029 508 1093 bonorum
533 1028 653 1111 pietati,
677 1031 744 1094 turs
765 1029 988 1112 peccatoribus,
1012 1030 1043 1095 et
1067 1029 1157 1114 longo
1176 1028 1271 1094 etiam
1289 1028 1434 1095 vitiorum

189 1131 297 1196 habitu
329 1131 506 1214 depravatis
538 1131 715 1199 homiuibus
747 1133 786 1198 ad
807 1134 976 1201 salutarem
1000 1133 1221 1217 poeniteutiam
1244 1131 1434 1208 excitandisr

188 1238 282 1320 atque
314 1235 391 1301 adeo
421 1238 456 1301 ut
486 1236 585 1303 tidelis
615 1237 745 1320 populns
779 1241 898 1304 crescat
931 1239 962 1303 in
995 1239 1128 1304 scientia
1155 1237 1211 1302 Dei
1244 1239 1277 1301 et
1299 1237 1330 1302 in
1352 1235 1435 1314 omui

187 1359 279 1423 opere
300 1341 378 1405 bono
401 1339 579 1419 fructificet,
603 1343 635 1406 et
656 1341 848 1408 uberioribus
861 1342 1004 1408 caelestis
1019 1341 1142 1425 gratiae
1159 1341 1281 1410 auxiliis
1297 1340 1435 1406 munitus

188 1464 207 1508 a
229 1445 380 1527 peruersis
400 1445 597 1510 inimicorum
621 1445 777 1511 Ecclesiae
797 1446 947 1513 doctrinis
969 1446 1162 1512 constantius
1182 1445 1349 1512 abhorreat
1362 1448 1415 1531 ¹).r

294 1549 324 1613 9.
355 1550 425 1616 Non
445 1549 546 1615 solnm
569 1552 674 1616 antem
699 1551 843 1634 parochi,
874 1551 926 1616 sed
957 1553 1052 1617 etiam
1085 1552 1163 1616 sacri
1196 1551 1334 1616 oratores
1364 1567 1434 1614 cum

188 1653 307 1718 usitato
329 1653 529 1718 concionandi
551 1673 680 1738 genere,
704 1655 786 1738 quod
810 1657 933 1721 omnino
955 1654 1149 1720 retinendum
1174 1657 1240 1732 est,
1263 1653 1341 1718 illud
1363 1672 1435 1718 con·

190 1757 321 1840 iungeut
342 1757 422 1840 quod
447 1757 479 1821 in
501 1757 704 1824 defendendis
726 1758 889 1824 catholicis
914 1758 1096 1824 raritatibus
1121 1757 1263 1822 adhiberi
1286 1756 1380 1835 solet,
1404 1759 1436 1821 et

191 1858 386 1943 aptissimum
417 1864 464 1926 est
494 1861 696 1945 profligandis
723 1862 895 1942 erroribus,
933 1863 986 1946 qui
1015 1861 1112 1928 latius
1143 1865 1176 1927 et
1205 1860 1339 1930 maximo
1364 1878 1434 1924 xrurum

190 1963 365 2029 animarum
386 1963 575 2031 detrimento
596 1966 687 2031 bodie
705 1966 959 2033 disseminantur.
990 1965 1078 2049 Quod
1095 1965 1219 2050 quidem
1236 1964 1435 2030 concionandi

190 2086 288 2152 genus
317 2069 377 2134 erit
405 2069 593 2138 christianae
621 2070 703 2155 plebi
733 2069 988 2149 saluberrimum,
1020 2070 1065 2149 si,
1097 2069 1240 2140 refutatis
1270 2067 1435 2145 erroribus,

189 2172 377 2238 christianae
400 2173 559 2240 doctrinae
584 2175 656 2249 vim,
678 2175 901 2258 praestantiam
926 2175 1156 2260 utilitatemque
1179 2173 1313 2240 dilucide
1334 2175 1366 2238 et
1385 2192 1434 2237 or·

188 2276 294 2342 diuate
318 2278 495 2361 explanabit
510 2280 543 2344 et
558 2299 693 2347 amorem
708 2299 782 2362 erga
799 2279 986 2344 catholicam
1002 2277 1182 2356 Ecclesiam,
1201 2297 1277 2362 quae
1294 2277 1432 2342 eamdem

190 2380 363 2445 doctrinam
386 2381 542 2466 integram
567 2384 836 2468 incorruptamque
858 2387 979 2460 seruat,
1002 2383 1163 2450 inanimis
1186 2381 1361 2447 auditorum
1384 2399 1434 2445 ex·

191 2485 303 2548 citabit
315 2488 352 2568 ⁸).
391 2484 450 2551 Sed
472 2506 560 2562 cum,
593 2487 782 2570 experientia
805 2490 903 2566 teste,
934 2486 1114 2570 contingere
1144 2485 1240 2569 possit
1272 2489 1306 2548 ut
1339 2484 1436 2566 aliqui

190 2589 421 2653 concionatores
442 2589 617 2657 huiusmodi
642 2592 868 2674 praedicatione
894 2591 965 2676 plus
993 2609 1092 2674 aequo
1123 2590 1316 2658 delectentur
1342 2591 1436 2672 atque

191 2696 352 2778 antiquum
377 2695 576 2763 concionandi
600 2715 699 2780 genus
722 2695 845 2764 omrrino
869 2696 1048 2780 negligant,
1079 2697 1128 2773 et,
1160 2694 1243 2780 quod
1268 2693 1355 2778 peius
1377 2695 1435 2770 est,

190 2797 236 2861 illi
258 2797 343 2862 aliud
367 2799 562 2864 substituant
584 2801 664 2884 quod
688 2801 766 2865 nihil
796 2801 876 2866 sacri
907 2801 1039 2876 habeat,
1068 2799 1206 2883 nihilque
1238 2797 1436 2864 audientibus

191 2902 304 2985 prosit,
335 2903 503 2969 statuimus
526 2905 679 2969 nemiuem
704 2905 961 2988 praedicationem
987 2923 1109 2987 prorsus
1132 2902 1356 2986 apologeticam
1381 2921 1436 2984 ag·

191 3006 278 3090 gredi
302 3026 388 3090 posse
410 3007 525 3092 absque
546 3012 650 3073 nostra
673 3010 717 3073 vel
742 3008 839 3074 nostri
866 3007 980 3073 Vicarii
1004 3006 1156 3091 generalis
1181 3005 1316 3072 licentia.

297 3111 347 3176 10.
368 3111 511 3177 Ceterum
535 3112 575 3175 ad
598 3112 767 3178 docendum
792 3113 936 3196 populum
956 3112 1101 3177 veritates
1121 3109 1280 3193 religionis
1297 3129 1353 3174 nou
1372 3107 1437 3172 sui-

192 3215 258 3281 ticit
289 3218 323 3279 ut
352 3216 525 3281 animarum
558 3221 714 3282 curatores
745 3216 828 3281 inter
857 3217 970 3282 Missae
1001 3214 1237 3280 celebrationem
1269 3213 1374 3296 aliqua
1402 3231 1437 3276 ex

192 3319 288 3384 saeris
310 3321 440 3408 eloquiis
468 3341 547 3408 quae
576 3323 607 3387 iu
638 3341 673 3385 ea
697 3321 859 3406 leguntur,
890 3322 1058 3404 exponant,
1087 3319 1140 3386 sed
1173 3337 1282 3400 pueros
1314 3319 1438 3398 iusuper

192 3425 414 3490 catechismum
439 3427 571 3491 doceant
593 3426 722 3509 oportet.
767 3425 885 3492 ›lidem
909 3415 1098 3512 (Episcopi),
1132 3421 1233 3508 inquit
1265 3421 1436 3487 Concilium
1486 3477 1503 3496 ,

193 3528 459 3612 Triderrtiuum⁸),
493 3531 662 3596 Dominicis
694 3533 725 3596 et
754 3531 825 3596 aliis
851 3530 969 3597 festivis
992 3529 1101 3595 diebus
1124 3547 1233 3612 pueros
1255 3526 1284 3590 in
1305 3525 1437 3612 siugulis

193 3633 347 3715 parochiis
369 3633 440 3698 fidei
461 3635 640 3700 rudimenta
663 3637 695 3699 et
718 3635 1022 3719 obedientiamerga
1047 3632 1144 3698 Deum
1169 3637 1200 3698 et
1224 3634 1365 3715 parentes
1389 3629 1436 3694 di·

193 3735 326 3820 ligenter
349 3738 445 3802 abiis
466 3739 504 3802 ad
527 3757 603 3824 quos
625 3739 798 3823 spectabit,
827 3740 927 3805 doceri
952 3740 1122 3815 curabunt,
1149 3741 1198 3813 et,
1227 3737 1252 3800 si
1281 3755 1356 3818 opus
1385 3733 1437 3810 sit,

193 3841 288 3904 etiam
322 3861 373 3924 per
401 3861 545 3909 censuras
577 3845 803 3914 ecclesiasticas
827 3843 1028 3927 compellent,
1060 3861 1118 3907 non
1150 3840 1345 3906 obstantibus
1376 3839 1435 3922 pri·

194 3945 316 4030 vilegiis
336 3950 367 4012 et
390 3949 691 4014 consuetudinibus«
725 3949 796 4014 Non
820 3947 918 4014 solum
943 3967 1012 4012 vero
1030 3945 1128 4031 pueri,
1152 3944 1204 4009 sed
1221 3945 1315 4008 etiam
1337 3942 1437 4006 adulti

193 4051 415 4117 catechismum
445 4051 573 4117 docendi
602 4056 684 4119 suut.
733 4052 820 4119 »Duo
849 4051 1041 4136 potissimum
1073 4069 1183 4128 onera,
1212 4048 1311 4132 inquit
1343 4047 1439 4111 Bene-

193 4155 296 4221 dictus
316 4156 400 4223 xlv.
413 4160 449 4236 ⁴),
474 4176 493 4222 a
516 4157 700 4222 Tridentino
725 4155 846 4242 Synodo
868 4157 1061 4221 curatoribus
1085 4154 1258 4220 animarum
1282 4154 1355 4216 sunt
1378 4151 1437 4215 im-

160 4324 168 4341 ,
193 4259 311 4343 posita:
342 4260 476 4325 alterum
508 4265 543 4324 ut
571 4260 658 4326 lestis
681 4260 790 4326 diebus
811 4261 848 4325 de
873 4260 962 4326 rebus
987 4257 1099 4323 divinis
1126 4275 1297 4323 sermonem
1321 4254 1359 4319 ad
1384 4273 1437 4338 po·

300 4416 325 4486 l)
343 4417 408 4472 Pina
426 4416 489 4482 IX„
513 4417 622 4486 Edepol.
646 4418 760 4479 Nostia,
784 4415 810 4471 8.
838 4415 900 4471 Dee.
925 4415 1001 4470 1849.
1024 4444 1057 4454 -
1082 4413 1109 4480 2)
1129 4413 1154 4468 S.
1173 4411 1386 4475 0..1nrtmeti0
1404 4409 1440 4464 ad

193 4519 285 4560 omnes
302 4504 429 4562 catholici
449 4505 522 4560 orbis
540 4505 693 4574 Episcopus,
712 4505 753 4561 10.
766 4503 832 4560 stau
845 4504 919 4562 1884.
941 4531 973 4544 -
986 4502 1019 4570 ,8)
1032 4503 1103 4559 Sese.
1120 4497 1439 4568 allaborarent.

195 4621 226 4633 -
244 4591 273 4660 4)
291 4591 382 4648 Const.
402 4593 470 4648 Etsi
487 4596 625 4658 minime,
642 4606 685 4646 sn
705 4591 781 4647 laea.
