3275 4917
242 241 307 310 296
349 260 378 318 0.
396 259 475 332 app.
494 267 524 319 ct
542 259 648 333 Repal.
666 260 711 319 12.
725 257 813 320 Febr.
832 260 909 319 1894
926 259 965 319 dc
981 261 1039 318 lat.
1060 258 1149 319 θεον.
1168 263 1255 320 Aust.
1274 260 1399 318 admoti.

253 443 285 504 2.
317 437 410 503 Decr.
434 456 460 504 e.
484 433 598 519 cleopa
621 435 706 518 Epp.
727 440 755 500 et
778 435 930 519 Repetas.
952 435 985 504 d.
998 435 1030 502 d.
1054 440 1109 503 12.
1133 434 1225 503 Febr.
1250 439 1336 503 1894
1357 435 1396 502 de
1417 439 1470 502 tn·

490 540 693 624 metando
716 539 848 608 Decrctc
873 541 1005 608 »Auctis
1023 540 1223 608 admodum«

559 677 714 748 (canonista
731 681 895 750 ecutempor.
908 677 976 734 1894
993 695 1020 749 p.
1031 678 1084 734 289
1095 676 1167 748 sqq.)

533 807 600 881 (cir.
622 811 734 866 Archiv
752 809 824 867 LIX.
843 809 909 877 leo,
926 811 993 877 850,
1017 808 1101 869 Lxx.
1118 808 1191 878 467).

346 949 615 1015 Eminentissimus
635 948 808 1016 cardinalis
832 949 987 1029 Richard,
1012 949 1268 1033 Arebiepisoopus
1292 947 1484 1028 Parisiensis,

240 1055 401 1140 sequentia
431 1052 526 1118 dubia
556 1053 667 1119 Sacrae
699 1054 940 1138 congregationi
973 1054 1190 1138 cpiscoporum
1222 1054 1254 1118 et
1281 1050 1484 1136 Regularium

241 1159 382 1244 proponit
404 1157 561 1226 solvenda.

344 1264 380 1329 lu
401 1263 459 1328 huc
484 1261 720 1340 Arcbidioecesi,
742 1262 773 1326 ln
796 1281 860 1347 qua
875 1261 994 1328 multae
1009 1261 1208 1328 iureuinutur
1223 1261 1485 1346 congregationes

239 1367 439 1434 Sacerdotum
463 1387 534 1434 oum
558 1367 636 1433 uotis
662 1366 873 1450 simplicibus,
896 1368 957 1432 duo
979 1365 1162 1451 praecipua,
1185 1384 1276 1450 super
1297 1365 1484 1451 iuterpreta-

112 1535 115 1542 .
240 1473 324 1539 tione
345 1471 461 1538 decreti
492 1473 639 1537 ›Auctio‹
666 1470 727 1536 diei
749 1471 781 1538 4.
805 1470 991 1536 Novembris
1017 1471 1117 1548 1892,
1148 1472 1253 1536 exorta
1274 1471 1349 1535 suut
1370 1470 1482 1536 dubia:

241 1577 381 1643 Primum
404 1573 528 1660 quidem
553 1577 677 1655 utrum,
702 1576 771 1658 post
794 1575 852 1640 boc
874 1575 1048 1654 decretum,
1073 1575 1166 1640 liceat
1188 1575 1237 1641 bis
1261 1575 1484 1660 congregatio·

239 1681 329 1747 uibus
350 1681 419 1748 eine
441 1679 569 1746 mcum
591 1680 725 1762 speciali
747 1680 889 1746 alumnos
910 1698 982 1745 suos
1006 1698 1182 1763 promouere
1214 1679 1313 1746 iacere
1336 1679 1376 1744 ad
1399 1679 1483 1744 ordi·

240 1804 302 1866 nes,
326 1789 362 1852 ut
382 1783 517 1870 proprios
536 1783 688 1862 subditos,
711 1784 756 1850 eie
780 1803 888 1867 nempe
903 1783 1096 1850 concedendo
1111 1783 1234 1848 litteras
1250 1783 1483 1863 dimissoriales,

239 1890 278 1956 ad
303 1890 401 1956 instar
423 1887 580 1956 Ordiuarii
605 1887 826 1973 Regularinm,
856 1888 895 1955 de
924 1906 985 1974 quo
1005 1888 1100 1953 dubio
1121 1886 1210 1954 valde
1232 1888 1481 1954 controvertitur.

239 1993 303 2060 Alii
326 1995 435 2059 dicunt
457 1994 514 2058 lroc
535 1993 628 2058 licere
654 1993 802 2076 praefatis
826 1992 1137 2078 congregationibus,
1162 1996 1286 2076 propter
1309 1993 1384 2058 baec
1404 1992 1481 2058 duo:

241 2099 276 2164 1⁰
297 2099 332 2163 lu
361 2098 500 2181 praelato
530 2095 653 2162 decreto
685 2096 834 2162 »Auctis«
868 2097 950 2161 clare
980 2096 1177 2162 decernitur:
1211 2096 1282 2162 »lta
1310 2098 1347 2163 ut
1374 2097 1481 2162 luorum

240 2202 457 2268 Institutorum
480 2201 634 2286 (votorum
652 2199 855 2284 simplicium)
875 2199 1053 2291 Superiores
1068 2219 1126 2265 uon
1144 2202 1262 2284 possint
1278 2201 1308 2265 in
1325 2205 1480 2286 posterum

239 2307 362 2374 litteras
385 2303 604 2370 dimissoriales
626 2305 791 2370 concedere
812 2325 868 2389 pro
883 2303 936 2370 SS.
952 2304 1112 2370 ordinibus
1128 2354 1136 2370 .
1154 2358 1162 2372 .
1180 2355 1187 2371 .
1206 2305 1264 2372 nisi
1281 2305 1344 2371 illis
1358 2308 1480 2371 tantum

238 2410 372 2477 alumnis
394 2409 446 2494 qui
470 2411 540 2474 rota
560 2408 684 2492 quidem
709 2409 863 2493 simplicia
884 2409 937 2474 sed
959 2411 1107 2493 perpetua
1133 2409 1200 2493 jam
1228 2410 1402 2487 emiserint,
1434 2410 1481 2476 rel

239 2515 291 2600 qui
322 2514 432 2580 saltem
461 2533 512 2598 per
543 2513 712 2580 triennium
742 2513 969 2597 permanserint
991 2513 1023 2579 in
1048 2513 1127 2579 votis
1149 2514 1341 2596 simplicibus
1362 2517 1482 2599 tempo-

239 2619 341 2685 raneis
370 2618 469 2702 quoad
498 2637 534 2682 ea
564 2618 715 2683 Instituta
737 2636 816 2701 quae
837 2617 921 2682 ultra
938 2618 1108 2683 triennium
1131 2621 1311 2701 perpetuam
1335 2619 1482 2685 dicerunt

238 2721 487 2808 professionem«
521 2721 602 2806 Ergo
624 2721 801 2803 Superiores
825 2722 932 2787 horum
955 2722 1173 2787 lnstitutorum
1196 2725 1342 2806 poterunt
1358 2723 1482 2788 litteras

240 2827 462 2892 dimissoriales
485 2826 662 2904 concedere,
686 2833 715 2892 et
736 2825 862 2908 onmem
884 2826 953 2892 sinc
975 2825 1105 2892 Iadoito
1126 2826 1181 2909 (de
1201 2848 1261 2910 qao
1284 2849 1324 2894 ac
1345 2829 1481 2894 monimo

239 2933 364 3016 quiden
384 2931 498 2997 mentio
518 2932 585 3014 fot),
617 2929 680 2996 illis
711 2929 846 2995 alumnis
879 2930 931 3014 qui
963 2933 1036 2997 uota
1057 2933 1205 3015 perpetua
1224 2931 1290 3014 jam
1310 2933 1479 3010 emiserint,

239 3037 287 3103 vel
307 3036 360 3122 qui
381 3052 436 3119 per
457 3035 636 3114 triennium,
660 3036 719 3100 eto.

341 3142 377 3208 2⁰
400 3142 458 3206 Per
481 3137 564 3204 istud
588 3139 745 3204 decretum
772 3140 920 3205 ›Auctis‹
944 3140 1077 3219 creatur,
1101 3139 1133 3203 in
1158 3138 1317 3205 institutis
1339 3142 1480 3207 votomm

237 3245 441 3331 simplicium,
474 3243 631 3310 uinculum
662 3243 875 3309 indissolubile
906 3243 989 3309 inter
1016 3243 1199 3308 [nstitutum
1223 3248 1255 3309 et
1277 3245 1377 3309 virum
1409 3244 1478 3309 reli·

157 3371 160 3378 ⁴
237 3350 377 3434 glesum,
400 3348 438 3414 ed
462 3349 561 3413 instar
580 3348 712 3425 vinculi,
736 3348 817 3431 quod
837 3347 869 3413 iu
891 3347 1007 3413 Ordine
1030 3347 1165 3431 regulari
1189 3348 1294 3414 existit
1314 3349 1395 3413 iuter
1417 3348 1477 3413 cr·

237 3453 339 3518 dinem
364 3455 395 3518 et
419 3452 592 3536 regularem
616 3454 802 3535 protessum;
826 3451 979 3536 siquidem
1003 3470 1055 3537 pro
1077 3451 1256 3516 dimissione
1272 3452 1477 3530 alumnorum,

236 3557 361 3624 eaedem
385 3575 497 3622 causae
520 3559 551 3622 et
574 3557 787 3622 solemnitates
815 3557 1068 3640 praescribuntur
1098 3557 1128 3620 in
1156 3557 1314 3622 institutis
1338 3560 1478 3623 votorum

235 3661 424 3745 simplicium
448 3680 484 3726 se
506 3661 539 3739 in
561 3660 728 3728 Ordinibus
754 3660 958 3744 regularibus,
986 3662 1018 3726 et
1039 3663 1268 3743 consequenter,
1293 3661 1324 3726 iu
1348 3663 1479 3745 utroque

235 3784 309 3832 casu
346 3765 510 3850 religiosus
546 3769 595 3830 est
628 3766 773 3832 subditus
807 3765 904 3830 solius
938 3765 1213 3849 congregationis,
1252 3765 1403 3851 privative
1434 3751 1478 3830 'ad

234 3869 405 3955 quemlibet
430 3869 624 3954 llpiecopum.

338 3975 402 4040 Alii
427 3993 496 4041 vero
519 3974 709 4040 contendunt
731 3973 833 4039 adhuc
856 3973 971 4058 requiri
998 3973 1159 4039 ludultum
1183 3973 1334 4058 speciale,
1361 3975 1398 4039 ut
1421 3973 1478 4039 hae

235 4081 497 4165 congregationes
519 4079 659 4144 alumnos
681 4097 752 4144 suos
775 4097 952 4162 promovere
973 4079 1100 4156 iaciant,
1123 4081 1160 4144 ut
1181 4078 1322 4145 subditos
1341 4079 1478 4164 proprios

233 4184 425 4251 concedendo
463 4203 571 4268 nempe
609 4183 653 4249 eis
690 4183 913 4249 dimissoriales
950 4183 1092 4262 litteras,
1137 4189 1260 4266 propter
1296 4183 1478 4266 sequentia:

238 4291 269 4353 1⁰
291 4291 373 4355 Ante
395 4289 552 4355 decretum
582 4289 730 4353 ›Auctis‹
765 4289 973 4354 certissimum
1003 4293 1071 4355 erat
1099 4288 1180 4372 quod
1212 4288 1362 4353 Instituta
1392 4289 1476 4352 vote-

233 4413 301 4458 rum
325 4394 513 4478 simplicium
537 4412 595 4458 nou
619 4395 764 4476 poteraut
786 4392 952 4459 concedere
980 4391 1201 4459 dimissoriales
1229 4393 1354 4458 litteras
1375 4392 1478 4458 alum·

233 4496 282 4562 uis
315 4497 380 4564 suis
411 4501 480 4564 mne
511 4498 639 4564 Iacobo
671 4498 820 4580 specicii;
854 4499 911 4564 hoc
947 4496 1029 4563 euim
1060 4495 1260 4581 priuilegium
1290 4497 1477 4563 concedendi

232 4600 355 4668 litteras
388 4601 609 4668 dimissoriales
639 4604 689 4668 est
716 4602 869 4669 exclusive
905 4601 1062 4686 proprium
1093 4600 1244 4667 crdiuum
1275 4599 1476 4685 regularium,
