3275 4917
622 305 701 360 Pare
719 307 842 373 mma:
864 304 908 362 De
928 303 1011 361 Fide.
1376 289 1438 353 237

191 475 274 540 omni
297 475 434 540 credenti
445 480 470 554 ι)
481 500 509 555 3«
534 475 626 553 idest.
650 475 790 541 doctrine
815 477 975 562 Evangelii
991 479 1039 543 est
1056 477 1112 542 Dei
1129 479 1268 543 salvifica
1287 479 1436 561 quaedam

192 579 237 642 ris
259 580 402 644 omnibns
424 579 477 664 qui
499 579 639 644 credunt.

295 686 324 750 2.
349 685 545 768 Quamquam
567 686 672 749 autern
696 704 836 749 exsecra
852 684 1054 752 Ordinatione
1071 685 1113 750 sit
1128 687 1296 753 sacerdotis
1312 688 1437 753 verbum

192 787 250 852 Dei
273 787 467 872 praedicare.
499 807 605 854 omnes
636 792 741 853 tanim
765 789 962 855 meminerint
985 790 1050 856 sine
1073 789 1220 856 missione
1245 791 1325 856 hanc
1348 809 1438 875 prae·

190 891 377 957 dicationem
397 892 538 974 legitime
559 892 625 957 fieri
650 911 707 958 non
730 911 838 976 posse;
868 893 1016 976 scripturn
1048 896 1096 959 est
1127 895 1225 959 enim:
1259 893 1436 976 »Quomodo

190 996 421 1080 praedicabunt,
446 997 504 1061 nisi
529 995 774 1082 mittanturQi«
810 998 978 1080 Propterea
994 997 1165 1064 Concilium
1184 999 1435 1084 Tridentinum⁸)

190 1099 389 1166 anathemate
411 1101 551 1184 percellit
576 1121 647 1166 eum
680 1103 733 1184 qui
765 1101 877 1167 dixerit
912 1102 981 1166 illos
1016 1103 1069 1186 qui
1097 1103 1135 1168 ab
1165 1103 1375 1170 ecclesiastica
1406 1106 1438 1167 et

189 1205 335 1270 canonica
358 1208 511 1288 potestate
537 1205 624 1270 missi
646 1225 707 1270 nou
722 1208 804 1282 sunt,
829 1207 881 1271 aed
900 1207 1023 1272 aliunde
1040 1206 1175 1286 veniunt,
1199 1207 1355 1291 legitimos
1371 1225 1437 1272 esse

192 1309 247 1374 Dei
271 1309 440 1376 ministros.
481 1309 568 1390 Quod
595 1311 699 1374 autem
723 1310 761 1374 ad
785 1311 936 1392 parochos
959 1312 1084 1388 attinet.
1109 1311 1140 1376 bi
1164 1330 1221 1377 non
1245 1310 1343 1377 solnm
1369 1331 1438 1395 pos·

189 1414 271 1491 erret.
295 1413 349 1480 sed
372 1415 467 1478 etiarn
490 1416 646 1490 tenentur.
669 1416 701 1480 et
723 1414 847 1499 quidem
864 1435 900 1480 ex
917 1416 981 1498 ipso
994 1415 1097 1480 divino
1114 1419 1284 1498 praecepto,
1310 1416 1434 1480 rerbum

195 1517 250 1581 liei
275 1518 467 1600 praedicare.
497 1521 532 1584 ut
555 1520 641 1602 patet
664 1538 698 1584 er
722 1519 828 1585 eadem
854 1519 1036 1586 Tridentino
1058 1517 1193 1605 Synodo,
1224 1539 1301 1604 quae
1323 1519 1434 1586 iterum

189 1622 365 1704 iterumque
388 1622 446 1687 hoc
468 1624 560 1707 urget
581 1642 692 1688 munus
705 1624 743 1706 ⁴).

294 1727 323 1792 3.
350 1725 415 1791 Nos
437 1725 543 1808 itaque
562 1726 628 1791 eins
651 1726 784 1792 decretis
806 1727 1020 1806 inhaerentes,
1044 1727 1251 1812 praecipimus
1274 1730 1309 1792 ut
1331 1747 1435 1793 omnes

190 1828 315 1911 parochi
344 1829 477 1913 singulis
506 1829 616 1894 diebus
645 1830 808 1895 dominicis
839 1833 871 1896 et
904 1830 993 1896 festis
1025 1831 1130 1896 fideles
1163 1831 1222 1896 sibi
1257 1833 1436 1898 commissos

191 1932 282 1997 uerbo
309 1931 413 1998 divino
445 1936 589 2016 pascant.
624 1935 656 1998 et
686 1933 811 2017 qnidam
842 1954 895 2018 pro
927 1953 1030 2000 eorum
1057 1935 1171 2020 ingenii
1205 1936 1369 2016 facultate,
1400 1956 1436 2001 ne

189 2036 348 2104 conciones
371 2036 579 2102 infructuosae
602 2037 729 2122 narro.
784 2037 871 2120 Quod
895 2040 921 2104 si
944 2060 995 2104 ser
1018 2039 1188 2106 Dominicis
1211 2040 1363 2106 continuis
1387 2041 1434 2106 rel

189 2141 349 2206 duodecim
377 2142 557 2226 interruptis
588 2143 619 2206 in
651 2162 730 2208 anno
764 2143 880 2227 absque
916 2144 1005 2226 greri
1039 2164 1132 2209 causa
1164 2164 1275 2210 munus
1306 2143 1344 2210 de
1374 2164 1434 2230 qno
1551 2177 1557 2188 ·

187 2265 288 2312 sermo
310 2250 367 2322 est.
389 2246 559 2330 negligant.
581 2266 634 2329 per
651 2266 796 2313 censuras
814 2248 1049 2326 ecclesiasticas,
1070 2268 1086 2312 a
1105 2249 1201 2314 Nobis
1217 2249 1433 2326 decernendas.

187 2350 226 2415 ed
248 2350 384 2416 officium
408 2351 678 2438 revocabunturf).
710 2353 816 2436 Neque
840 2371 873 2416 se
888 2353 994 2418 codem
1013 2372 1136 2418 munere
1152 2353 1269 2418 solutos
1285 2358 1430 2419 eerrseent

188 2459 347 2536 propterea
369 2454 449 2537 quod
473 2459 558 2520 extet
581 2456 737 2520 contraria
759 2456 957 2535 consuetudo.
981 2456 1027 2522 rel
1052 2457 1130 2540 quod
1150 2476 1253 2522 sacrae
1270 2459 1430 2523 conciones

188 2558 263 2621 alibi
287 2557 476 2635 habeantur.
502 2559 549 2624 rel
568 2560 607 2624 ob
631 2559 776 2643 exiguum
800 2559 992 2625 aradientium
1014 2580 1175 2624 numerum
1190 2564 1236 2644 Q:
1271 2561 1329 2626 etsi
1354 2581 1433 2626 unus

188 2664 310 2726 tantum
333 2661 458 2742 audiat,
494 2661 610 2729 imitari
641 2662 752 2727 debent
781 2663 958 2738 Christum.
990 2665 1041 2748 qui
1074 2683 1127 2748 pro
1150 2683 1212 2729 una
1235 2664 1432 2731 Samaritana

186 2786 356 2832 sermonem
382 2767 537 2850 habuitll.
567 2767 676 2834 Omnia
699 2787 772 2852 ergo
795 2768 946 2851 parochus
971 2768 1048 2834 illud
1075 2768 1160 2833 Pauli
1184 2769 1215 2833 in
1239 2788 1304 2834 sese
1328 2773 1430 2834 trans-

186 2871 265 2936 ferre
288 2871 395 2936 debet:
428 2871 625 2938 »Necessitas
651 2873 727 2937 mihi
751 2872 921 2950 incumbit;
953 2891 1008 2937 eae
1031 2873 1112 2938 enim
1138 2873 1213 2938 mihi
1237 2877 1298 2952 est.
1323 2874 1349 2938 si
1374 2893 1432 2940 non

186 2975 438 3059 evangelizarem
451 2979 506 3058 ⁹).‹
549 2977 700 3059 Quoniam
730 2979 834 3042 autern
866 2976 1027 3040 remissurn
1060 2979 1107 3042 est
1138 2977 1267 3042 arbitrio
1298 2980 1330 3043 et
1361 2997 1431 3060 pru·

186 3079 311 3145 dentiae
333 3079 564 3146 Ordinariormn
588 3080 753 3163 aliquando
776 3082 837 3146 isto
860 3099 950 3146 onere
974 3081 1100 3158 solvere.
1124 3081 1303 3165 praesertim
1328 3081 1431 3164 eliqua

186 3186 385 3248 concurrente
408 3183 587 3249 rationabili
610 3203 703 3249 causa
714 3185 763 3268 ιο),
787 3203 822 3248 eo
837 3184 984 3267 parochos
1000 3185 1117 3250 solutos
1134 3185 1327 3250 declaramus
1344 3185 1433 3249 festis

188 3287 367 3365 Pambotis,
398 3287 610 3360 Pentecostes.
647 3289 831 3354 Natiuitatis
866 3288 1006 3366 Domini,
1041 3289 1191 3354 'litularis
1222 3288 1368 3353 ecclesiae
1401 3291 1432 3353 et

186 3391 294 3457 diebus
316 3392 426 3475 quibus
449 3391 503 3458 SS.
529 3393 741 3459 ilucharistiae
765 3393 998 3458 Sacramentum
1024 3393 1193 3476 expositum
1220 3392 1376 3459 adoratur.

289 3499 319 3562 4.
352 3495 471 3562 Ceteris
495 3516 565 3563 nero
588 3497 798 3562 sacerdotibus
825 3517 883 3562 non
908 3498 1002 3563 liceat
1030 3498 1061 3562 in
1091 3498 1204 3564 nostris
1234 3496 1431 3564 Dioecesibus

185 3602 313 3666 uerbum
337 3601 392 3666 liei
416 3601 604 3686 praedicare.
629 3602 687 3668 nisi
711 3601 896 3668 facultatem
920 3622 937 3666 e
961 3602 1057 3668 Nobis
1082 3602 1129 3668 rel
1151 3604 1289 3668 anostra
1307 3601 1431 3667 Vicario

187 3706 323 3785 generali
348 3707 461 3771 litteris
485 3707 661 3789 petentibus
685 3711 740 3771 aut
762 3726 832 3772 voce
859 3706 1018 3791 assequuti
1043 3706 1167 3773 fuerint.
1209 3705 1308 3788 Quam
1333 3707 1430 3772 facul·

187 3811 283 3873 tatem
324 3810 519 3876 vehementer
555 3813 698 3893 optamus
735 3815 770 3876 nt
805 3810 967 3876 obtineant
1001 3830 1107 3876 omnes
1144 3811 1319 3875 sacerdotes
1354 3829 1429 3875 sarra

186 3911 326 3978 doctrina
350 3914 498 3997 bonisque
519 3915 656 3979 moribus
676 3914 840 3993 instructi.
869 3919 904 3980 ut
926 3915 956 3979 in
980 3915 1112 3998 singulis
1134 3914 1281 3991 ecclesiis.
1307 3934 1359 3996 per
1380 3933 1428 3979 oc·

185 4017 338 4083 casionem
364 4021 485 4101 praesto
506 4019 549 4083 sit
570 4021 622 4102 qui
646 4021 852 4085 concionatur.
883 4018 1057 4086 statuimus
1078 4021 1181 4084 autern
1198 4023 1234 4083 nt
1250 4020 1428 4103 priusquam

185 4131 289 4188 orator
313 4123 478 4198 invitetur.
510 4124 537 4187 si
566 4127 669 4188 noster
690 4125 732 4188 sit
755 4124 953 4190 dioecesanus
975 4128 1007 4189 et
1031 4123 1144 4188 litteris
1169 4124 1346 4206 patentibus
1371 4141 1429 4187 non

289 4315 316 4383 1)
333 4315 410 4370 Rom.
430 4315 451 4379 l.
472 4316 512 4370 16.
532 4345 564 4355 —
582 4315 611 4381 2)
628 4315 750 4381 RornX.
770 4316 809 4370 15.
831 4345 863 4354 —
884 4315 911 4384 8)
931 4313 1000 4370 Sese.
1021 4313 1122 4372 xxm.
1143 4315 1239 4370 uani.
1261 4343 1291 4353 -
1310 4315 1338 4381 4)
1358 4313 1430 4369 Sese.

185 4399 290 4464 XXlll.
308 4417 366 4470 cap.
386 4404 409 4465 l.
428 4401 470 4457 Da
489 4402 547 4465 ref..
565 4418 629 4457 sesa
649 4403 681 4467 V.
699 4419 756 4471 cap.
772 4402 798 4467 2,
817 4403 857 4456 De
876 4401 934 4464 ιιι1.,
952 4418 1016 4457 sess
1037 4401 1134 4466 XXII.
1154 4401 1195 4456 De
1212 4401 1325 4456 secutio.
1345 4402 1432 4466 Nise..

183 4503 239 4557 cap.
260 4489 299 4547 18.
319 4493 346 4542 et
364 4505 429 4542 ress
449 4489 549 4550 XXlV.
568 4505 625 4558 cap.
643 4489 668 4553 ’1,
689 4488 842 4544 lieret
861 4487 888 4557 5)
907 4487 965 4542 Vid.
983 4487 1082 4542 Bened.
1097 4487 1179 4551 XlV..
1199 4489 1267 4542 lnst.
1281 4489 1382 4550 eccles..
1397 4488 1432 4551 X.

183 4589 209 4628 n.
229 4574 305 4627 3,-
272 4575 350 4640 *6)
370 4575 448 4630 Cone.
467 4575 548 4640 Trid..
568 4575 677 4641 sesa..V
698 4575 736 4631 De
753 4576 810 4639 rel..
828 4575 973 4644 cap.2.-
995 4575 1022 4641 7)
1040 4573 1431 4639 Bened.X1V.Inst.ecclea.‚

184 4659 340 4725 x...--ne
324 4660 391 4731 8-)
411 4663 489 4719 Joan.
505 4663 553 4728 IV.
569 4663 695 4718 fatti.-
710 4661 771 4732 9)Ι
783 4662 846 4720 0οι
861 4661 910 4727 lX.
922 4661 1009 4717 1t.-
1022 4659 1105 4729 ldls.
1120 4659 1201 4724 0.0,
1215 4661 1238 4715 l.
1254 4659 1339 4730 April.
1352 4659 1431 4716 1876·
