3275 4917
227 239 291 311 294
388 261 449 318 Eco
468 255 554 318 xrrl.
572 257 663 330 eptec.
683 258 875 316 Hctovtenet
894 261 932 316 da
949 259 1034 316 secto
1052 253 1169 316 »Petite
1185 255 1307 331 spissa«

227 436 404 520 tingueret,
435 434 480 500 sic
508 453 545 498 ex
573 432 761 499 auctoritate
791 434 922 513 statuit,
961 434 998 499 ut
1026 427 1271 526 quibuscumque
1303 431 1380 497 locis
1411 432 1473 522 duo

228 542 331 606 esseut
355 537 495 622 Episcopi
520 555 595 621 quos
610 536 760 602 dissensio
777 537 976 620 geminasset,
1000 537 1028 603 is
1044 537 1279 602 confirmaretur
1293 537 1346 620 qui
1362 534 1472 602 fuisset

227 643 388 709 ordinatus
423 642 520 726 prior,
557 641 647 707 alteri
679 640 765 723 plebs
799 640 862 706 elia
896 640 1030 725 regenda
1063 640 1275 724 provideretur
1307 638 1353 727 (S.
1376 640 1470 723 Aug,

228 749 282 832 Ep.
307 747 421 826 Xblll,
446 748 496 826 5):
522 745 577 811 hoe
600 747 668 811 erat
691 747 726 810 ut
749 744 920 812 catholicus
944 745 1112 828 Episcopus
1135 745 1201 811 loco
1224 744 1334 821 abiret,
1355 744 1389 808 in
1404 743 1472 828 ejus

229 851 370 935 Episcopi
400 849 595 915 commodum
626 849 679 934 qui
710 849 847 914 schisma
877 849 1036 933 ejurasset.
1083 847 1176 913 'fanti
1199 849 1312 914 bonum
1336 847 1420 932 pacis
1439 848 1472 912 in

231 955 365 1020 Ecclesia
386 953 561 1019 faciendum
582 972 649 1019 esse
672 954 797 1018 sauctus
817 953 871 1018 ille
897 952 1036 1018 Pontifex
1058 951 1264 1032 existimarit,
1289 954 1325 1017 ut
1348 951 1472 1035 Episco-

227 1077 282 1143 pos
300 1059 364 1143 jam
388 1058 600 1123 scelestissimi
623 1057 801 1122 schismatis
825 1075 908 1134 reos,
932 1057 960 1121 si
983 1057 1021 1122 eb
1046 1075 1148 1123 errore
1170 1056 1237 1122 riae
1260 1074 1334 1120 suae
1356 1055 1396 1120 ad
1417 1074 1471 1120 sa·

228 1162 358 1228 uitatem
381 1161 479 1228 redire
504 1161 681 1240 noluissent,
704 1159 867 1226 catholicis
886 1160 1157 1245 integerrimisque
1172 1160 1331 1244 Episcopis
1345 1162 1472 1244 autepo-

227 1266 342 1332 neudos
365 1265 557 1344 decerneret;
591 1269 673 1332 recte
697 1267 857 1349 propterea
878 1266 917 1329 ab
942 1265 1119 1350 Augustino
1141 1264 1297 1331 salutatus
1320 1265 1470 1348 tanquam

230 1370 296 1435 »vir
329 1368 484 1454 optimus,
524 1369 605 1436 lilius
639 1369 826 1435 christianae
860 1368 966 1452 pacis,
1001 1372 1089 1453 pater
1126 1368 1315 1434 christianae
1347 1368 1467 1452 plebis«

228 1473 272 1558 (S.
297 1477 397 1557 Aug,
421 1475 475 1558 Ep.
501 1474 625 1553 Xblll‚
649 1474 692 1560 5).
741 1474 829 1556 Quae
862 1473 1024 1557 praeconia
1053 1473 1163 1539 virtuti
1194 1474 1351 1557 gestisque
1379 1473 1472 1538 rebus

229 1579 277 1643 Pii
303 1577 374 1643 Vll.
404 1579 514 1645 marito
543 1596 617 1644 sune
648 1578 842 1644 conveniunt.
897 1577 957 1643 Ubi
986 1577 1069 1641 enirn
1102 1576 1255 1642 acerbitas
1285 1577 1471 1660 temporum,

228 1681 451 1766 benignissima
475 1681 532 1746 Dei
555 1700 627 1766 ope,
658 1680 876 1766 interpolavit,
909 1699 1030 1746 ornnem
1065 1680 1129 1763 ipse
1159 1681 1312 1746 convertit
1332 1681 1471 1746 animum

228 1805 393 1870 omnesque
423 1804 513 1851 curas
540 1784 579 1850 ad
606 1785 734 1851 vulnera
763 1785 902 1849 sananda
925 1804 1003 1869 quae
1026 1784 1182 1850 Ecclesiae
1204 1785 1235 1849 in
1259 1783 1374 1850 Galliis
1397 1784 1470 1848 bor·

228 1890 324 1956 reuda
342 1890 513 1975 impietatis
534 1889 579 1955 uis
594 1891 627 1954 et
643 1888 742 1954 multa
755 1891 786 1954 et
803 1888 988 1972 gravissima
1003 1888 1167 1953 indixerat.
1199 1887 1234 1952 ld
1250 1890 1355 1955 autem
1369 1888 1472 1953 effecit

227 2013 280 2077 per
303 2012 350 2071 eu,
372 2012 451 2078 quae
473 1993 598 2076 cognita
621 1996 703 2070 sunt,
726 1992 818 2076 plena
840 1992 1051 2076 providentiae
1074 1991 1196 2057 decreta
1216 1995 1249 2058 at
1266 1993 1470 2076 praescripta;

229 2098 322 2180 atque
345 2115 407 2162 una
430 2115 500 2162 cum
525 2097 688 2161 restitutae
711 2096 868 2180 religionis
886 2097 1003 2175 decore,
1027 2114 1132 2179 pacem
1151 2095 1306 2162 Ecclesiae
1321 2097 1387 2162 tam
1403 2097 1471 2161 feli·

228 2200 305 2265 citer
328 2199 532 2278 confirmarit,
555 2204 591 2264 ut
613 2200 665 2282 qui
689 2201 877 2265 auctoritate
899 2200 966 2283 ejus
987 2202 1170 2265 consecutus
1186 2202 1234 2265 est
1250 2200 1469 2284 Episcoporum

228 2305 310 2383 ordo,
334 2304 432 2388 gradu
454 2323 509 2369 suo
532 2304 734 2388 dignissimus
756 2306 789 2368 et
810 2303 954 2370 fidelibus
975 2303 1161 2369 uenerabilis
1177 2303 1352 2384 haberetur,
1376 2308 1470 2388 atque

228 2409 267 2476 ab
290 2409 434 2475 omnibus
457 2409 570 2493 ubique
594 2407 752 2492 Episcopis
773 2408 803 2472 in
826 2407 1034 2473 fraternitatis
1057 2407 1303 2474 communionem
1320 2409 1473 2492 recipere·

227 2514 288 2580 tur.
332 2512 428 2578 Nulla
449 2511 548 2596 igitur
570 2531 634 2578 esse
655 2513 757 2593 potuit
776 2531 870 2576 causa
894 2513 964 2596 juro
987 2512 1130 2594 probata,
1162 2529 1217 2577 cur
1245 2512 1383 2578 homiues
1410 2512 1468 2592 illi,

227 2617 411 2700 quicumque
435 2614 559 2696 fuerint,
584 2618 702 2694 horum,
727 2617 764 2682 de
788 2617 900 2700 quibus
920 2634 1000 2680 nunc
1024 2615 1140 2700 agitur,
1164 2615 1255 2699 primi
1278 2617 1379 2694 duces,
1403 2635 1469 2682 sese

227 2719 304 2802 ipsi,
336 2737 354 2782 a
382 2719 543 2784 christiani
567 2720 648 2784 orbis
671 2719 923 2785 innocentissima
945 2719 1159 2784 commuuione
1183 2719 1401 2802 praeciderent.
1429 2757 1468 2767 -

227 2824 335 2904 Neque
359 2821 391 2885 bi
414 2840 483 2886 raro
506 2840 580 2887 suae
604 2841 722 2888 morum
743 2823 899 2889 honestati
918 2823 950 2888 et
972 2822 1153 2907 disciplinae
1176 2822 1348 2902 custodiae,
1374 2843 1469 2906 neque

226 2925 385 3011 religionis
418 2926 522 2991 studio
554 2925 686 3012 fideique
720 2927 889 2994 stabilitati
918 2927 1092 2995 confidant:
1125 2929 1230 3010 aperte
1260 2927 1341 2992 enim
1374 2927 1469 2993 edicit

229 3031 412 3114 Apostolus,
445 3032 519 3095 baec
550 3031 653 3097 omnia
677 3032 775 3112 nibil,
810 3037 930 3100 remota
962 3032 1110 3111 caritate,
1146 3031 1288 3115 prodesse
1322 3031 1363 3113 (l.
1387 3030 1467 3110 Cor,

227 3134 316 3215 XllI,
340 3137 385 3220 3).
405 3172 448 3183 -
470 3135 557 3217 Quod
581 3139 687 3202 autem
709 3137 791 3221 ipsos
814 3138 918 3203 nullus
940 3137 1106 3201 admodum
1131 3136 1297 3220 Episcopus
1320 3139 1467 3221 tauquam

226 3257 298 3305 oses
317 3239 459 3322 agnoscit
482 3242 514 3304 et
540 3239 635 3304 babet
663 3241 817 3324 proprias,
848 3261 884 3308 ex
914 3241 972 3306 boc
1003 3239 1098 3305 etiam
1132 3239 1221 3322 plane
1250 3238 1468 3323 evidenterque

227 3343 423 3429 intelligant,
457 3361 489 3408 se
524 3343 637 3410 versari
674 3345 817 3429 profugos
850 3346 889 3411 ab
923 3344 998 3409 ovili
1032 3343 1160 3410 Christi.
1201 3342 1326 3410 Clamat
1355 3344 1469 3428 quippe

227 3445 260 3512 S.
287 3446 447 3530 Ignatius,
479 3447 664 3532 apostolicus
695 3450 756 3527 sir,
789 3448 933 3534 idemque
966 3452 1085 3533 martyr
1120 3447 1270 3515 illustris:
1310 3447 1468 3515 »Scribam

227 3569 321 3614 unum
347 3549 430 3615 vobis
453 3551 575 3630 iterum,
599 3550 636 3632 si,
663 3553 726 3618 Deo
749 3552 881 3630 fauente,
906 3553 1034 3618 nuntius
1059 3551 1135 3617 mihi
1158 3553 1333 3637 contigerit,
1357 3569 1410 3616 sos
1429 3551 1486 3626 ad,

226 3671 321 3718 unum
345 3673 449 3719 omnes
472 3656 505 3720 et
524 3656 662 3738 singulos
683 3675 735 3738 per
755 3658 892 3740 gratiam
913 3655 1074 3722 conuenire
1097 3657 1129 3721 iu
1153 3676 1214 3722 uua
1236 3656 1297 3721 fide
1313 3658 1345 3723 et
1360 3657 1392 3721 iu
1409 3674 1469 3720 uno

226 3756 302 3822 Jesu
325 3756 467 3836 Christo,
491 3759 526 3822 ut
549 3759 700 3826 obediatis
720 3760 868 3846 Episcopo
891 3762 923 3825 at
942 3759 1151 3845 presbyterio,
1176 3765 1279 3826 mente
1297 3759 1468 3836 indiuidua,

226 3859 405 3946 frangentes
434 3881 545 3946 panem
570 3883 682 3944 uuum,
714 3866 767 3950 qui
800 3865 1000 3948 pharmacum
1032 3865 1282 3930 immortalitatis
1305 3867 1371 3930 est«
1404 3863 1468 3946 (nd

227 3965 337 4050 Ephes.
369 3965 460 4052 XX);
488 3969 557 4032 tum
591 3969 704 4037 etiam:
738 3968 944 4035 ›Abstiueute
974 3989 993 4034 a
1022 3969 1120 4036 noxiis
1154 3968 1273 4047 herbis,
1301 3986 1379 4053 quas
1410 3986 1468 4033 non

226 4069 336 4135 excolit
359 4069 451 4136 lasus
474 4069 631 4150 Christus,
661 4073 733 4157 quie
765 4092 824 4139 nou
853 4077 926 4138 suut
956 4073 1110 4157 plantatio
1142 4073 1257 4139 Patris.
1310 4072 1470 4156 Quotquot

225 4173 306 4240 euim
330 4174 387 4238 Dei
407 4175 479 4240 suut
501 4176 534 4239 et
555 4173 632 4240 Jesu
652 4174 787 4258 Christi,
812 4176 845 4241 bi
869 4195 939 4243 cum
964 4178 1114 4262 Episcopo
1136 4178 1228 4253 sunt;
1259 4179 1292 4242 et
1318 4176 1469 4260 quotquot

226 4277 414 4360 poenitentia
435 4277 521 4343 ducti
545 4276 694 4344 redierint
716 4280 756 4346 ad
779 4281 933 4347 unitatem
958 4281 1130 4357 Ecclesiae,
1162 4283 1195 4347 et
1222 4279 1254 4344 bi
1288 4281 1343 4345 Dei
1366 4282 1468 4358 eruut,

226 4382 263 4445 ut
283 4382 451 4448 secundum
473 4381 583 4450 desum
606 4381 765 4451 Christum
790 4387 906 4454 sinaut.
951 4387 999 4452 Ne
1028 4387 1157 4466 erretis,
1189 4385 1303 4451 fratres
1332 4383 1411 4452 meis
1441 4382 1467 4446 si

225 4483 279 4568 qui
298 4485 433 4552 schisma
454 4486 620 4554 facientem
642 4489 792 4573 sequitur,
818 4508 947 4574 reguum
971 4490 1027 4556 Dei
1051 4510 1110 4557 nou
1129 4489 1302 4556 hereditat«
1328 4488 1391 4575 (hd
1408 4488 1468 4553 Po·

228 4587 363 4675 lycarp.,
390 4589 455 4676 vl).
486 4625 529 4640 —
560 4591 676 4658 Eodem
706 4593 827 4659 accedit
850 4593 931 4678 quod
954 4592 1033 4658 nibil
1054 4592 1224 4678 quidquam
1247 4591 1385 4678 polliceri
1407 4591 1468 4658 sibi
