<?xml version="1.0" encoding="UTF-8"?>
<!DOCTYPE html PUBLIC "-//W3C//DTD XHTML 1.0 Transitional//EN"
    "http://www.w3.org/TR/xhtml1/DTD/xhtml1-transitional.dtd">
<html xmlns="http://www.w3.org/1999/xhtml" xml:lang="en" lang="en">
 <head>
  <title>
</title>
<meta http-equiv="Content-Type" content="text/html;charset=utf-8" />
  <meta name='ocr-system' content='tesseract 3.04.00' />
  <meta name='ocr-capabilities' content='ocr_page ocr_carea ocr_par ocr_line ocrx_word'/>
</head>
<body>
  <div class='ocr_page' id='page_1' title='image "./archivfrkatholi16unkngoog/archivfrkatholi16unkngoog_0452.png"; bbox 0 0 3275 4917; ppageno 0'>
   <div class='ocr_carea' id='block_1_1' title="bbox 521 219 1413 297">
    <p class='ocr_par' dir='ltr' id='par_1_1' title="bbox 521 219 1413 297">
     <span class='ocr_line' id='line_1_1' title="bbox 521 219 1413 297; baseline -0.013 -3"><span class='ocrx_word' id='word_1_1' title='bbox 521 240 598 295; x_wconf 78' lang='lat' dir='ltr'>Pars</span> <span class='ocrx_word' id='word_1_2' title='bbox 614 241 767 297; x_wconf 77' lang='lat' dir='ltr'>secunda.-</span> <span class='ocrx_word' id='word_1_3' title='bbox 789 240 833 294; x_wconf 80' lang='lat' dir='ltr'>lle</span> <span class='ocrx_word' id='word_1_4' title='bbox 852 242 1067 295; x_wconf 78' lang='lat' dir='ltr'>suerrrmcniis.</span> <span class='ocrx_word' id='word_1_5' title='bbox 1349 219 1413 284; x_wconf 75' lang='grc'>417</span> 
     </span>
    </p>
   </div>
   <div class='ocr_carea' id='block_1_2' title="bbox 172 374 1414 705">
    <p class='ocr_par' dir='ltr' id='par_1_2' title="bbox 172 374 1414 705">
     <span class='ocr_line' id='line_1_2' title="bbox 172 374 1412 495; baseline -0.002 -18"><span class='ocrx_word' id='word_1_6' title='bbox 172 414 204 477; x_wconf 88' lang='lat' dir='ltr'>et</span> <span class='ocrx_word' id='word_1_7' title='bbox 228 412 413 479; x_wconf 88' lang='lat' dir='ltr'>Benedictus</span> <span class='ocrx_word' id='word_1_8' title='bbox 425 412 509 479; x_wconf 81' lang='lat' dir='ltr'>xlv.</span> <span class='ocrx_word' id='word_1_9' title='bbox 525 413 549 495; x_wconf 83' lang='lat'>¹)</span> <span class='ocrx_word' id='word_1_10' title='bbox 572 374 742 489; x_wconf 80' lang='lat' dir='ltr'>edixerunt,</span> <span class='ocrx_word' id='word_1_11' title='bbox 766 415 833 478; x_wconf 93' lang='lat' dir='ltr'>tum</span> <span class='ocrx_word' id='word_1_12' title='bbox 858 411 982 477; x_wconf 91' lang='lat' dir='ltr'>demum</span> <span class='ocrx_word' id='word_1_13' title='bbox 1006 430 1053 489; x_wconf 89' lang='lat' dir='ltr'>ea,</span> <span class='ocrx_word' id='word_1_14' title='bbox 1073 429 1152 495; x_wconf 89' lang='lat' dir='ltr'>quac</span> <span class='ocrx_word' id='word_1_15' title='bbox 1176 410 1313 493; x_wconf 87' lang='lat' dir='ltr'>predicta</span> <span class='ocrx_word' id='word_1_16' title='bbox 1334 410 1412 477; x_wconf 82' lang='lat' dir='ltr'>Con-</span> 
     </span>
     <span class='ocr_line' id='line_1_3' title="bbox 172 514 1413 603; baseline 0 -24"><span class='ocrx_word' id='word_1_17' title='bbox 172 516 314 600; x_wconf 84' lang='lat' dir='ltr'>gregatio</span> <span class='ocrx_word' id='word_1_18' title='bbox 349 516 477 581; x_wconf 87' lang='lat' dir='ltr'>subinde</span> <span class='ocrx_word' id='word_1_19' title='bbox 507 516 692 603; x_wconf 73' lang='lat' dir='ltr'>decrerit2).</span> <span class='ocrx_word' id='word_1_20' title='bbox 745 515 881 599; x_wconf 82' lang='lat' dir='ltr'>Quorum</span> <span class='ocrx_word' id='word_1_21' title='bbox 917 514 1055 581; x_wconf 88' lang='lat' dir='ltr'>omnium</span> <span class='ocrx_word' id='word_1_22' title='bbox 1092 534 1214 582; x_wconf 89' lang='lat' dir='ltr'>summa</span> <span class='ocrx_word' id='word_1_23' title='bbox 1248 515 1323 579; x_wconf 91' lang='lat' dir='ltr'>baec</span> <span class='ocrx_word' id='word_1_24' title='bbox 1356 518 1413 580; x_wconf 85' lang='lat' dir='ltr'>est</span> 
     </span>
     <span class='ocr_line' id='line_1_4' title="bbox 175 618 1414 705; baseline -0.002 -20"><span class='ocrx_word' id='word_1_25' title='bbox 175 620 334 687; x_wconf 88' lang='lat' dir='ltr'>Pracsnles</span> <span class='ocrx_word' id='word_1_26' title='bbox 358 620 515 705; x_wconf 79' lang='lat' dir='ltr'>regulares</span> <span class='ocrx_word' id='word_1_27' title='bbox 538 620 671 687; x_wconf 89' lang='lat' dir='ltr'>subditis</span> <span class='ocrx_word' id='word_1_28' title='bbox 694 620 758 685; x_wconf 89' lang='lat' dir='ltr'>suis</span> <span class='ocrx_word' id='word_1_29' title='bbox 781 620 889 685; x_wconf 89' lang='lat' dir='ltr'>itidem</span> <span class='ocrx_word' id='word_1_30' title='bbox 914 618 1118 703; x_wconf 77' lang='lat' dir='ltr'>regularibus,</span> <span class='ocrx_word' id='word_1_31' title='bbox 1139 618 1193 703; x_wconf 91' lang='lat' dir='ltr'>qui</span> <span class='ocrx_word' id='word_1_32' title='bbox 1214 618 1344 685; x_wconf 81' lang='lat' dir='ltr'>Ordines</span> <span class='ocrx_word' id='word_1_33' title='bbox 1368 640 1414 683; x_wconf 92' lang='lat' dir='ltr'>re·</span> 
     </span>
    </p>
   </div>
   <div class='ocr_carea' id='block_1_3' title="bbox 170 827 1414 2162">
    <p class='ocr_par' dir='ltr' id='par_1_3' title="bbox 170 827 1414 2162">
     <span class='ocr_line' id='line_1_5' title="bbox 171 827 1414 912; baseline -0.002 -19"><span class='ocrx_word' id='word_1_34' title='bbox 171 828 210 893; x_wconf 90' lang='lat' dir='ltr'>ad</span> <span class='ocrx_word' id='word_1_35' title='bbox 234 828 415 912; x_wconf 76' lang='lat' dir='ltr'>Episcopum</span> <span class='ocrx_word' id='word_1_36' title='bbox 439 828 663 907; x_wconf 86' lang='lat' dir='ltr'>dioecesanum,</span> <span class='ocrx_word' id='word_1_37' title='bbox 686 829 752 894; x_wconf 90' lang='lat' dir='ltr'>eins</span> <span class='ocrx_word' id='word_1_38' title='bbox 772 848 881 912; x_wconf 80' lang='lat' dir='ltr'>nempe</span> <span class='ocrx_word' id='word_1_39' title='bbox 895 828 965 905; x_wconf 88' lang='lat' dir='ltr'>ioci,</span> <span class='ocrx_word' id='word_1_40' title='bbox 989 828 1044 891; x_wconf 90' lang='lat' dir='ltr'>ubi</span> <span class='ocrx_word' id='word_1_41' title='bbox 1063 827 1282 893; x_wconf 88' lang='lat' dir='ltr'>monasterinm</span> <span class='ocrx_word' id='word_1_42' title='bbox 1298 828 1414 903; x_wconf 81' lang='lat' dir='ltr'>existit,</span> 
     </span>
     <span class='ocr_line' id='line_1_6' title="bbox 170 931 1410 1017; baseline -0.003 -20"><span class='ocrx_word' id='word_1_43' title='bbox 170 932 335 998; x_wconf 75' lang='lat' dir='ltr'>concedere</span> <span class='ocrx_word' id='word_1_44' title='bbox 358 932 481 999; x_wconf 89' lang='lat' dir='ltr'>debent.</span> <span class='ocrx_word' id='word_1_45' title='bbox 526 932 613 1017; x_wconf 85' lang='lat' dir='ltr'>Quod</span> <span class='ocrx_word' id='word_1_46' title='bbox 637 932 664 997; x_wconf 89' lang='lat' dir='ltr'>si</span> <span class='ocrx_word' id='word_1_47' title='bbox 690 932 856 1015; x_wconf 87' lang='lat' dir='ltr'>Episcopus</span> <span class='ocrx_word' id='word_1_48' title='bbox 880 932 1078 997; x_wconf 89' lang='lat' dir='ltr'>dioecesanus</span> <span class='ocrx_word' id='word_1_49' title='bbox 1101 931 1251 1009; x_wconf 86' lang='lat' dir='ltr'>abfuerit,</span> <span class='ocrx_word' id='word_1_50' title='bbox 1274 932 1329 996; x_wconf 88' lang='lat' dir='ltr'>ant</span> <span class='ocrx_word' id='word_1_51' title='bbox 1352 931 1410 997; x_wconf 90' lang='lat' dir='ltr'>Or-</span> 
     </span>
     <span class='ocr_line' id='line_1_7' title="bbox 171 1034 1414 1119; baseline -0.002 -18"><span class='ocrx_word' id='word_1_52' title='bbox 171 1036 360 1101; x_wconf 89' lang='lat' dir='ltr'>dinationem</span> <span class='ocrx_word' id='word_1_53' title='bbox 383 1036 516 1119; x_wconf 80' lang='lat' dir='ltr'>proximo</span> <span class='ocrx_word' id='word_1_54' title='bbox 541 1039 678 1119; x_wconf 85' lang='lat' dir='ltr'>ternpore</span> <span class='ocrx_word' id='word_1_55' title='bbox 709 1055 765 1102; x_wconf 90' lang='lat' dir='ltr'>non</span> <span class='ocrx_word' id='word_1_56' title='bbox 789 1036 832 1102; x_wconf 88' lang='lat' dir='ltr'>sit</span> <span class='ocrx_word' id='word_1_57' title='bbox 855 1035 1034 1115; x_wconf 83' lang='lat' dir='ltr'>babituros,</span> <span class='ocrx_word' id='word_1_58' title='bbox 1065 1034 1112 1100; x_wconf 86' lang='lat' dir='ltr'>rel</span> <span class='ocrx_word' id='word_1_59' title='bbox 1143 1034 1236 1101; x_wconf 89' lang='lat' dir='ltr'>etiam</span> <span class='ocrx_word' id='word_1_60' title='bbox 1265 1036 1291 1099; x_wconf 88' lang='lat' dir='ltr'>si</span> <span class='ocrx_word' id='word_1_61' title='bbox 1321 1034 1414 1101; x_wconf 85' lang='lat' dir='ltr'>Sedes</span> 
     </span>
     <span class='ocr_line' id='line_1_8' title="bbox 172 1139 1413 1225; baseline 0 -22"><span class='ocrx_word' id='word_1_62' title='bbox 172 1142 348 1219; x_wconf 80' lang='lat' dir='ltr'>vacaverit,</span> <span class='ocrx_word' id='word_1_63' title='bbox 391 1141 511 1223; x_wconf 87' lang='lat' dir='ltr'>praesul</span> <span class='ocrx_word' id='word_1_64' title='bbox 552 1140 703 1224; x_wconf 89' lang='lat' dir='ltr'>regularis</span> <span class='ocrx_word' id='word_1_65' title='bbox 740 1140 863 1205; x_wconf 87' lang='lat' dir='ltr'>litteras</span> <span class='ocrx_word' id='word_1_66' title='bbox 895 1139 1086 1204; x_wconf 89' lang='lat' dir='ltr'>dimissorias</span> <span class='ocrx_word' id='word_1_67' title='bbox 1118 1140 1155 1203; x_wconf 87' lang='lat' dir='ltr'>ad</span> <span class='ocrx_word' id='word_1_68' title='bbox 1190 1159 1413 1225; x_wconf 88' lang='lat' dir='ltr'>quemcumque</span> 
     </span>
     <span class='ocr_line' id='line_1_9' title="bbox 172 1242 1413 1329; baseline -0.002 -20"><span class='ocrx_word' id='word_1_69' title='bbox 172 1242 353 1329; x_wconf 79' lang='lat' dir='ltr'>Episcopum</span> <span class='ocrx_word' id='word_1_70' title='bbox 378 1244 451 1308; x_wconf 86' lang='lat' dir='ltr'>dare</span> <span class='ocrx_word' id='word_1_71' title='bbox 475 1249 586 1327; x_wconf 89' lang='lat' dir='ltr'>potest,</span> <span class='ocrx_word' id='word_1_72' title='bbox 608 1248 644 1310; x_wconf 85' lang='lat' dir='ltr'>ub</span> <span class='ocrx_word' id='word_1_73' title='bbox 663 1244 702 1309; x_wconf 92' lang='lat' dir='ltr'>ab</span> <span class='ocrx_word' id='word_1_74' title='bbox 725 1264 759 1311; x_wconf 91' lang='lat' dir='ltr'>ee</span> <span class='ocrx_word' id='word_1_75' title='bbox 784 1244 936 1329; x_wconf 88' lang='lat' dir='ltr'>regularis</span> <span class='ocrx_word' id='word_1_76' title='bbox 955 1244 1098 1309; x_wconf 89' lang='lat' dir='ltr'>subditus</span> <span class='ocrx_word' id='word_1_77' title='bbox 1114 1243 1245 1310; x_wconf 86' lang='lat' dir='ltr'>Ordines</span> <span class='ocrx_word' id='word_1_78' title='bbox 1260 1244 1413 1328; x_wconf 89' lang='lat' dir='ltr'>suscipere</span> 
     </span>
     <span class='ocr_line' id='line_1_10' title="bbox 171 1347 1411 1431; baseline 0.002 -20"><span class='ocrx_word' id='word_1_79' title='bbox 171 1349 281 1431; x_wconf 89' lang='lat' dir='ltr'>queat,</span> <span class='ocrx_word' id='word_1_80' title='bbox 312 1348 478 1414; x_wconf 90' lang='lat' dir='ltr'>dummodo</span> <span class='ocrx_word' id='word_1_81' title='bbox 510 1348 548 1413; x_wconf 88' lang='lat' dir='ltr'>de</span> <span class='ocrx_word' id='word_1_82' title='bbox 577 1348 730 1414; x_wconf 90' lang='lat' dir='ltr'>industria</span> <span class='ocrx_word' id='word_1_83' title='bbox 758 1348 881 1413; x_wconf 89' lang='lat' dir='ltr'>easdem</span> <span class='ocrx_word' id='word_1_84' title='bbox 914 1348 1035 1414; x_wconf 88' lang='lat' dir='ltr'>litteras</span> <span class='ocrx_word' id='word_1_85' title='bbox 1065 1348 1139 1412; x_wconf 89' lang='lat' dir='ltr'>dare</span> <span class='ocrx_word' id='word_1_86' title='bbox 1164 1368 1224 1413; x_wconf 91' lang='lat' dir='ltr'>non</span> <span class='ocrx_word' id='word_1_87' title='bbox 1243 1347 1411 1413; x_wconf 89' lang='lat' dir='ltr'>distulerit.</span> 
     </span>
     <span class='ocr_line' id='line_1_11' title="bbox 171 1450 1412 1535; baseline 0 -20"><span class='ocrx_word' id='word_1_88' title='bbox 171 1450 290 1531; x_wconf 85' lang='lat' dir='ltr'>Quibus</span> <span class='ocrx_word' id='word_1_89' title='bbox 313 1452 343 1515; x_wconf 92' lang='lat' dir='ltr'>in</span> <span class='ocrx_word' id='word_1_90' title='bbox 368 1452 567 1531; x_wconf 82' lang='lat' dir='ltr'>dimissoriis,</span> <span class='ocrx_word' id='word_1_91' title='bbox 596 1453 621 1518; x_wconf 92' lang='lat' dir='ltr'>si</span> <span class='ocrx_word' id='word_1_92' title='bbox 646 1452 739 1518; x_wconf 89' lang='lat' dir='ltr'>Sedes</span> <span class='ocrx_word' id='word_1_93' title='bbox 762 1471 874 1518; x_wconf 89' lang='lat' dir='ltr'>vacans</span> <span class='ocrx_word' id='word_1_94' title='bbox 895 1452 953 1531; x_wconf 92' lang='lat' dir='ltr'>sit,</span> <span class='ocrx_word' id='word_1_95' title='bbox 984 1453 1197 1518; x_wconf 84' lang='lat' dir='ltr'>authenticum</span> <span class='ocrx_word' id='word_1_96' title='bbox 1212 1452 1340 1535; x_wconf 86' lang='lat' dir='ltr'>¹llicarii</span> <span class='ocrx_word' id='word_1_97' title='bbox 1362 1473 1412 1517; x_wconf 86' lang='lat' dir='ltr'>ea-</span> 
     </span>
     <span class='ocr_line' id='line_1_12' title="bbox 171 1555 1414 1639; baseline 0.002 -20"><span class='ocrx_word' id='word_1_98' title='bbox 171 1555 313 1639; x_wconf 86' lang='lat' dir='ltr'>pitularis</span> <span class='ocrx_word' id='word_1_99' title='bbox 338 1556 550 1621; x_wconf 90' lang='lat' dir='ltr'>testimouium</span> <span class='ocrx_word' id='word_1_100' title='bbox 575 1556 611 1621; x_wconf 91' lang='lat' dir='ltr'>do</span> <span class='ocrx_word' id='word_1_101' title='bbox 635 1556 723 1622; x_wconf 87' lang='lat' dir='ltr'>Sedis</span> <span class='ocrx_word' id='word_1_102' title='bbox 741 1556 893 1622; x_wconf 86' lang='lat' dir='ltr'>viduitate</span> <span class='ocrx_word' id='word_1_103' title='bbox 909 1556 1001 1621; x_wconf 90' lang='lat' dir='ltr'>iidem</span> <span class='ocrx_word' id='word_1_104' title='bbox 1019 1555 1169 1630; x_wconf 83' lang='lat' dir='ltr'>incientis,</span> <span class='ocrx_word' id='word_1_105' title='bbox 1193 1555 1219 1620; x_wconf 93' lang='lat' dir='ltr'>si</span> <span class='ocrx_word' id='word_1_106' title='bbox 1237 1575 1307 1620; x_wconf 88' lang='lat' dir='ltr'>reru</span> <span class='ocrx_word' id='word_1_107' title='bbox 1325 1556 1414 1638; x_wconf 88' lang='lat' dir='ltr'>plenu</span> 
     </span>
     <span class='ocr_line' id='line_1_13' title="bbox 170 1659 1413 1747; baseline 0 -23"><span class='ocrx_word' id='word_1_108' title='bbox 170 1659 222 1736; x_wconf 92' lang='lat' dir='ltr'>sit,</span> <span class='ocrx_word' id='word_1_109' title='bbox 247 1660 458 1726; x_wconf 89' lang='lat' dir='ltr'>testimonium</span> <span class='ocrx_word' id='word_1_110' title='bbox 482 1660 595 1727; x_wconf 89' lang='lat' dir='ltr'>Vicarii</span> <span class='ocrx_word' id='word_1_111' title='bbox 619 1661 773 1747; x_wconf 86' lang='lat' dir='ltr'>generalis</span> <span class='ocrx_word' id='word_1_112' title='bbox 797 1660 845 1724; x_wconf 88' lang='lat' dir='ltr'>uel</span> <span class='ocrx_word' id='word_1_113' title='bbox 867 1660 1043 1725; x_wconf 86' lang='lat' dir='ltr'>cancellarii</span> <span class='ocrx_word' id='word_1_114' title='bbox 1067 1664 1122 1724; x_wconf 91' lang='lat' dir='ltr'>ant</span> <span class='ocrx_word' id='word_1_115' title='bbox 1144 1660 1301 1725; x_wconf 78' lang='lat' dir='ltr'>secretarii</span> <span class='ocrx_word' id='word_1_116' title='bbox 1318 1660 1413 1744; x_wconf 90' lang='lat' dir='ltr'>ipsius</span> 
     </span>
     <span class='ocr_line' id='line_1_14' title="bbox 173 1763 1412 1849; baseline 0.001 -22"><span class='ocrx_word' id='word_1_117' title='bbox 173 1763 313 1846; x_wconf 88' lang='lat' dir='ltr'>Episcopi</span> <span class='ocrx_word' id='word_1_118' title='bbox 336 1763 507 1829; x_wconf 88' lang='lat' dir='ltr'>dioecesani</span> <span class='ocrx_word' id='word_1_119' title='bbox 529 1765 619 1830; x_wconf 91' lang='lat' dir='ltr'>inseri</span> <span class='ocrx_word' id='word_1_120' title='bbox 645 1766 744 1844; x_wconf 90' lang='lat' dir='ltr'>debet,</span> <span class='ocrx_word' id='word_1_121' title='bbox 771 1784 808 1830; x_wconf 84' lang='lat' dir='ltr'>cx</span> <span class='ocrx_word' id='word_1_122' title='bbox 830 1784 890 1849; x_wconf 89' lang='lat' dir='ltr'>qno</span> <span class='ocrx_word' id='word_1_123' title='bbox 910 1767 1040 1842; x_wconf 89' lang='lat' dir='ltr'>constet,</span> <span class='ocrx_word' id='word_1_124' title='bbox 1065 1764 1205 1830; x_wconf 88' lang='lat' dir='ltr'>eumdem</span> <span class='ocrx_word' id='word_1_125' title='bbox 1232 1764 1412 1848; x_wconf 85' lang='lat' dir='ltr'>Episcopum</span> 
     </span>
     <span class='ocr_line' id='line_1_15' title="bbox 172 1866 1411 1953; baseline 0.002 -22"><span class='ocrx_word' id='word_1_126' title='bbox 172 1866 219 1932; x_wconf 91' lang='lat' dir='ltr'>vel</span> <span class='ocrx_word' id='word_1_127' title='bbox 242 1888 260 1932; x_wconf 90' lang='lat' dir='ltr'>a</span> <span class='ocrx_word' id='word_1_128' title='bbox 285 1868 420 1934; x_wconf 87' lang='lat' dir='ltr'>Oioecesi</span> <span class='ocrx_word' id='word_1_129' title='bbox 445 1870 561 1946; x_wconf 88' lang='lat' dir='ltr'>abesse,</span> <span class='ocrx_word' id='word_1_130' title='bbox 588 1869 634 1933; x_wconf 84' lang='lat' dir='ltr'>nel</span> <span class='ocrx_word' id='word_1_131' title='bbox 658 1870 793 1952; x_wconf 84' lang='lat' dir='ltr'>proximo</span> <span class='ocrx_word' id='word_1_132' title='bbox 817 1868 958 1953; x_wconf 86' lang='lat' dir='ltr'>legitimo</span> <span class='ocrx_word' id='word_1_133' title='bbox 979 1872 1115 1952; x_wconf 88' lang='lat' dir='ltr'>tempore</span> <span class='ocrx_word' id='word_1_134' title='bbox 1138 1887 1257 1934; x_wconf 88' lang='lat' dir='ltr'>sacram</span> <span class='ocrx_word' id='word_1_135' title='bbox 1282 1867 1411 1934; x_wconf 88' lang='lat' dir='ltr'>Ordina-</span> 
     </span>
     <span class='ocr_line' id='line_1_16' title="bbox 170 1971 1410 2057; baseline 0 -22"><span class='ocrx_word' id='word_1_136' title='bbox 170 1972 284 2037; x_wconf 87' lang='lat' dir='ltr'>tionem</span> <span class='ocrx_word' id='word_1_137' title='bbox 310 1972 488 2038; x_wconf 87' lang='lat' dir='ltr'>habiturum</span> <span class='ocrx_word' id='word_1_138' title='bbox 513 1993 570 2039; x_wconf 92' lang='lat' dir='ltr'>non</span> <span class='ocrx_word' id='word_1_139' title='bbox 596 1992 671 2040; x_wconf 88' lang='lat' dir='ltr'>esse.</span> <span class='ocrx_word' id='word_1_140' title='bbox 716 1973 914 2039; x_wconf 90' lang='lat' dir='ltr'>Ordinandns</span> <span class='ocrx_word' id='word_1_141' title='bbox 938 1975 1053 2049; x_wconf 89' lang='lat' dir='ltr'>autern,</span> <span class='ocrx_word' id='word_1_142' title='bbox 1076 1972 1155 2057; x_wconf 90' lang='lat' dir='ltr'>qnod</span> <span class='ocrx_word' id='word_1_143' title='bbox 1179 1972 1217 2037; x_wconf 89' lang='lat' dir='ltr'>ad</span> <span class='ocrx_word' id='word_1_144' title='bbox 1240 1971 1410 2037; x_wconf 88' lang='lat' dir='ltr'>doctrinam</span> 
     </span>
     <span class='ocr_line' id='line_1_17' title="bbox 171 2076 1319 2162; baseline 0.003 -23"><span class='ocrx_word' id='word_1_145' title='bbox 171 2076 297 2154; x_wconf 85' lang='lat' dir='ltr'>attinet,</span> <span class='ocrx_word' id='word_1_146' title='bbox 320 2076 464 2159; x_wconf 86' lang='lat' dir='ltr'>diligenti</span> <span class='ocrx_word' id='word_1_147' title='bbox 488 2077 628 2142; x_wconf 84' lang='lat' dir='ltr'>examine</span> <span class='ocrx_word' id='word_1_148' title='bbox 652 2077 825 2161; x_wconf 90' lang='lat' dir='ltr'>probandus</span> <span class='ocrx_word' id='word_1_149' title='bbox 848 2079 897 2142; x_wconf 87' lang='lat' dir='ltr'>est</span> <span class='ocrx_word' id='word_1_150' title='bbox 919 2078 957 2142; x_wconf 91' lang='lat' dir='ltr'>ab</span> <span class='ocrx_word' id='word_1_151' title='bbox 979 2077 1126 2162; x_wconf 74' lang='lat' dir='ltr'>Episcopo</span> <span class='ocrx_word' id='word_1_152' title='bbox 1149 2076 1319 2143; x_wconf 90' lang='lat' dir='ltr'>ordinante.</span> 
     </span>
    </p>
   </div>
   <div class='ocr_carea' id='block_1_4' title="bbox 170 2198 1412 2491">
    <p class='ocr_par' dir='ltr' id='par_1_4' title="bbox 170 2198 1412 2491">
     <span class='ocr_line' id='line_1_18' title="bbox 277 2198 1410 2284; baseline -0.002 -21"><span class='ocrx_word' id='word_1_153' title='bbox 277 2202 325 2265; x_wconf 83' lang='lat'>15.</span> <span class='ocrx_word' id='word_1_154' title='bbox 348 2198 513 2265; x_wconf 87' lang='lat' dir='ltr'>Sciendum</span> <span class='ocrx_word' id='word_1_155' title='bbox 537 2202 721 2276; x_wconf 82' lang='lat' dir='ltr'>astantem,</span> <span class='ocrx_word' id='word_1_156' title='bbox 745 2200 824 2283; x_wconf 88' lang='lat' dir='ltr'>quod</span> <span class='ocrx_word' id='word_1_157' title='bbox 845 2199 1020 2283; x_wconf 89' lang='lat' dir='ltr'>Episcopus,</span> <span class='ocrx_word' id='word_1_158' title='bbox 1041 2199 1094 2284; x_wconf 88' lang='lat' dir='ltr'>qui</span> <span class='ocrx_word' id='word_1_159' title='bbox 1119 2199 1261 2283; x_wconf 85' lang='lat' dir='ltr'>religioso</span> <span class='ocrx_word' id='word_1_160' title='bbox 1277 2198 1410 2264; x_wconf 91' lang='lat' dir='ltr'>noudum</span> 
     </span>
     <span class='ocr_line' id='line_1_19' title="bbox 170 2301 1412 2387; baseline 0.002 -22"><span class='ocrx_word' id='word_1_161' title='bbox 170 2301 306 2385; x_wconf 81' lang='lat' dir='ltr'>professo</span> <span class='ocrx_word' id='word_1_162' title='bbox 329 2303 376 2368; x_wconf 89' lang='lat' dir='ltr'>vel</span> <span class='ocrx_word' id='word_1_163' title='bbox 399 2302 509 2370; x_wconf 88' lang='lat' dir='ltr'>clerieo</span> <span class='ocrx_word' id='word_1_164' title='bbox 531 2304 564 2368; x_wconf 90' lang='lat' dir='ltr'>in</span> <span class='ocrx_word' id='word_1_165' title='bbox 585 2304 691 2387; x_wconf 89' lang='lat' dir='ltr'>aliqua</span> <span class='ocrx_word' id='word_1_166' title='bbox 714 2303 960 2387; x_wconf 75' lang='lat' dir='ltr'>congregatione</span> <span class='ocrx_word' id='word_1_167' title='bbox 989 2303 1083 2368; x_wconf 88' lang='lat' dir='ltr'>vitarn</span> <span class='ocrx_word' id='word_1_168' title='bbox 1113 2303 1256 2387; x_wconf 89' lang='lat' dir='ltr'>degenti,</span> <span class='ocrx_word' id='word_1_169' title='bbox 1282 2305 1412 2385; x_wconf 82' lang='lat' dir='ltr'>&#39;excepto</span> 
     </span>
     <span class='ocr_line' id='line_1_20' title="bbox 171 2406 1411 2491; baseline 0.002 -22"><span class='ocrx_word' id='word_1_170' title='bbox 171 2406 304 2489; x_wconf 88' lang='lat' dir='ltr'>legitimi</span> <span class='ocrx_word' id='word_1_171' title='bbox 328 2408 482 2491; x_wconf 82' lang='lat' dir='ltr'>privilegii</span> <span class='ocrx_word' id='word_1_172' title='bbox 500 2427 585 2486; x_wconf 87' lang='lat' dir='ltr'>casu,</span> <span class='ocrx_word' id='word_1_173' title='bbox 606 2408 742 2474; x_wconf 91' lang='lat' dir='ltr'>ordinem</span> <span class='ocrx_word' id='word_1_174' title='bbox 760 2426 882 2473; x_wconf 88' lang='lat' dir='ltr'>sacrum</span> <span class='ocrx_word' id='word_1_175' title='bbox 898 2409 1016 2474; x_wconf 83' lang='lat' dir='ltr'>confert</span> <span class='ocrx_word' id='word_1_176' title='bbox 1032 2409 1147 2491; x_wconf 86' lang='lat' dir='ltr'>absque</span> <span class='ocrx_word' id='word_1_177' title='bbox 1162 2407 1255 2473; x_wconf 89' lang='lat' dir='ltr'>titulo</span> <span class='ocrx_word' id='word_1_178' title='bbox 1271 2407 1411 2472; x_wconf 85' lang='lat' dir='ltr'>beneficii</span> 
     </span>
    </p>
   </div>
   <div class='ocr_carea' id='block_1_5' title="bbox 171 2510 1550 2595">
    <p class='ocr_par' dir='ltr' id='par_1_5' title="bbox 171 2510 1550 2595">
     <span class='ocr_line' id='line_1_21' title="bbox 171 2510 1550 2595; baseline 0.001 -22"><span class='ocrx_word' id='word_1_179' title='bbox 171 2510 217 2575; x_wconf 87' lang='lat' dir='ltr'>vel</span> <span class='ocrx_word' id='word_1_180' title='bbox 243 2512 439 2594; x_wconf 76' lang='lat' dir='ltr'>patrimonii,</span> <span class='ocrx_word' id='word_1_181' title='bbox 469 2512 501 2576; x_wconf 92' lang='lat' dir='ltr'>in</span> <span class='ocrx_word' id='word_1_182' title='bbox 529 2512 758 2595; x_wconf 86' lang='lat' dir='ltr'>suspensionem</span> <span class='ocrx_word' id='word_1_183' title='bbox 788 2512 854 2594; x_wconf 89' lang='lat' dir='ltr'>ipso</span> <span class='ocrx_word' id='word_1_184' title='bbox 884 2512 951 2576; x_wconf 91' lang='lat' dir='ltr'>inre</span> <span class='ocrx_word' id='word_1_185' title='bbox 983 2530 1034 2595; x_wconf 89' lang='lat' dir='ltr'>per</span> <span class='ocrx_word' id='word_1_186' title='bbox 1065 2530 1180 2576; x_wconf 90' lang='lat' dir='ltr'>aunum</span> <span class='ocrx_word' id='word_1_187' title='bbox 1208 2510 1412 2576; x_wconf 87' lang='lat' dir='ltr'>acoliatione</span> <span class='ocrx_word' id='word_1_188' title='bbox 1546 2579 1550 2585; x_wconf 74' lang='grc'><em>,</em></span> 
     </span>
    </p>
   </div>
   <div class='ocr_carea' id='block_1_6' title="bbox 170 2612 1412 3219">
    <p class='ocr_par' dir='ltr' id='par_1_6' title="bbox 170 2612 1412 3219">
     <span class='ocr_line' id='line_1_22' title="bbox 170 2612 1412 2699; baseline 0.001 -22"><span class='ocrx_word' id='word_1_189' title='bbox 170 2612 319 2681; x_wconf 87' lang='lat' dir='ltr'>Ordinunr</span> <span class='ocrx_word' id='word_1_190' title='bbox 345 2614 476 2681; x_wconf 87' lang='lat' dir='ltr'>incurrit</span> <span class='ocrx_word' id='word_1_191' title='bbox 487 2617 523 2699; x_wconf 69' lang='lat'>³),</span> <span class='ocrx_word' id='word_1_192' title='bbox 554 2615 665 2683; x_wconf 83' lang='lat' dir='ltr'>Clerici</span> <span class='ocrx_word' id='word_1_193' title='bbox 687 2615 768 2681; x_wconf 90' lang='lat' dir='ltr'>enirn</span> <span class='ocrx_word' id='word_1_194' title='bbox 786 2616 993 2681; x_wconf 90' lang='lat' dir='ltr'>incommune</span> <span class='ocrx_word' id='word_1_195' title='bbox 1010 2615 1105 2681; x_wconf 86' lang='lat' dir='ltr'>vitam</span> <span class='ocrx_word' id='word_1_196' title='bbox 1121 2618 1249 2699; x_wconf 89' lang='lat' dir='ltr'>agentes</span> <span class='ocrx_word' id='word_1_197' title='bbox 1266 2615 1412 2698; x_wconf 89' lang='lat' dir='ltr'>nulleque</span> 
     </span>
     <span class='ocr_line' id='line_1_23' title="bbox 171 2718 1411 2803; baseline 0.001 -21"><span class='ocrx_word' id='word_1_198' title='bbox 171 2720 242 2783; x_wconf 86' lang='lat' dir='ltr'>rota</span> <span class='ocrx_word' id='word_1_199' title='bbox 265 2718 312 2783; x_wconf 85' lang='lat' dir='ltr'>vel</span> <span class='ocrx_word' id='word_1_200' title='bbox 328 2719 482 2803; x_wconf 90' lang='lat' dir='ltr'>simplicia</span> <span class='ocrx_word' id='word_1_201' title='bbox 498 2724 619 2786; x_wconf 90' lang='lat' dir='ltr'>tanturn</span> <span class='ocrx_word' id='word_1_202' title='bbox 637 2720 827 2799; x_wconf 87' lang='lat' dir='ltr'>emittentes,</span> <span class='ocrx_word' id='word_1_203' title='bbox 851 2720 981 2786; x_wconf 87' lang='lat' dir='ltr'>Ordines</span> <span class='ocrx_word' id='word_1_204' title='bbox 997 2721 1131 2803; x_wconf 88' lang='lat' dir='ltr'>recipere</span> <span class='ocrx_word' id='word_1_205' title='bbox 1149 2724 1303 2803; x_wconf 89' lang='lat' dir='ltr'>nequeunt</span> <span class='ocrx_word' id='word_1_206' title='bbox 1318 2720 1411 2784; x_wconf 90' lang='lat' dir='ltr'>titulo</span> 
     </span>
     <span class='ocr_line' id='line_1_24' title="bbox 172 2822 1412 2908; baseline 0.002 -24"><span class='ocrx_word' id='word_1_207' title='bbox 172 2840 294 2887; x_wconf 87' lang='lat' dir='ltr'>mensae</span> <span class='ocrx_word' id='word_1_208' title='bbox 317 2825 496 2899; x_wconf 82' lang='lat' dir='ltr'>eommunis,</span> <span class='ocrx_word' id='word_1_209' title='bbox 523 2824 579 2889; x_wconf 93' lang='lat' dir='ltr'>nisi</span> <span class='ocrx_word' id='word_1_210' title='bbox 603 2844 707 2891; x_wconf 90' lang='lat' dir='ltr'>eornm</span> <span class='ocrx_word' id='word_1_211' title='bbox 730 2824 993 2908; x_wconf 78' lang='lat' dir='ltr'>congregationes</span> <span class='ocrx_word' id='word_1_212' title='bbox 1015 2827 1070 2888; x_wconf 92' lang='lat' dir='ltr'>ant</span> <span class='ocrx_word' id='word_1_213' title='bbox 1092 2823 1243 2888; x_wconf 84' lang='lat' dir='ltr'>Instituta</span> <span class='ocrx_word' id='word_1_214' title='bbox 1264 2822 1412 2907; x_wconf 90' lang='lat' dir='ltr'>peculiari</span> 
     </span>
     <span class='ocr_line' id='line_1_25' title="bbox 171 2924 1409 3011; baseline 0.002 -23"><span class='ocrx_word' id='word_1_215' title='bbox 171 2924 210 2989; x_wconf 95' lang='lat' dir='ltr'>ad</span> <span class='ocrx_word' id='word_1_216' title='bbox 234 2925 264 2990; x_wconf 94' lang='lat' dir='ltr'>id</span> <span class='ocrx_word' id='word_1_217' title='bbox 288 2928 327 2993; x_wconf 92' lang='lat' dir='ltr'>ab</span> <span class='ocrx_word' id='word_1_218' title='bbox 351 2928 531 3009; x_wconf 85' lang='lat' dir='ltr'>Apostolica</span> <span class='ocrx_word' id='word_1_219' title='bbox 554 2928 632 2993; x_wconf 88' lang='lat' dir='ltr'>Sede</span> <span class='ocrx_word' id='word_1_220' title='bbox 655 2931 748 2994; x_wconf 88' lang='lat' dir='ltr'>aucta</span> <span class='ocrx_word' id='word_1_221' title='bbox 772 2928 888 2993; x_wconf 88' lang='lat' dir='ltr'>inerint</span> <span class='ocrx_word' id='word_1_222' title='bbox 917 2928 1097 3011; x_wconf 87' lang='lat' dir='ltr'>privilegio:</span> <span class='ocrx_word' id='word_1_223' title='bbox 1129 2946 1184 2991; x_wconf 90' lang='lat' dir='ltr'>nec</span> <span class='ocrx_word' id='word_1_224' title='bbox 1212 2928 1305 2992; x_wconf 89' lang='lat' dir='ltr'>titulo</span> <span class='ocrx_word' id='word_1_225' title='bbox 1336 2947 1409 3009; x_wconf 90' lang='lat' dir='ltr'>pau·</span> 
     </span>
     <span class='ocr_line' id='line_1_26' title="bbox 171 3031 1411 3115; baseline 0.001 -21"><span class='ocrx_word' id='word_1_226' title='bbox 171 3031 300 3112; x_wconf 82' lang='lat' dir='ltr'>perlatis</span> <span class='ocrx_word' id='word_1_227' title='bbox 323 3034 492 3114; x_wconf 88' lang='lat' dir='ltr'>promoveri</span> <span class='ocrx_word' id='word_1_228' title='bbox 515 3034 658 3115; x_wconf 71' lang='lat' dir='ltr'>possum:</span> <span class='ocrx_word' id='word_1_229' title='bbox 681 3031 833 3115; x_wconf 88' lang='lat' dir='ltr'>siquidem</span> <span class='ocrx_word' id='word_1_230' title='bbox 857 3032 906 3096; x_wconf 88' lang='lat' dir='ltr'>hie</span> <span class='ocrx_word' id='word_1_231' title='bbox 927 3032 1038 3096; x_wconf 90' lang='lat' dir='ltr'>titulus</span> <span class='ocrx_word' id='word_1_232' title='bbox 1053 3050 1105 3115; x_wconf 88' lang='lat' dir='ltr'>pro</span> <span class='ocrx_word' id='word_1_233' title='bbox 1121 3031 1160 3097; x_wconf 90' lang='lat' dir='ltr'>iis</span> <span class='ocrx_word' id='word_1_234' title='bbox 1177 3034 1299 3095; x_wconf 90' lang='lat' dir='ltr'>tantum</span> <span class='ocrx_word' id='word_1_235' title='bbox 1318 3032 1411 3108; x_wconf 87' lang='lat' dir='ltr'>valet,</span> 
     </span>
     <span class='ocr_line' id='line_1_27' title="bbox 171 3135 1085 3219; baseline 0 -20"><span class='ocrx_word' id='word_1_236' title='bbox 171 3135 222 3216; x_wconf 91' lang='lat' dir='ltr'>qui</span> <span class='ocrx_word' id='word_1_237' title='bbox 244 3137 315 3200; x_wconf 88' lang='lat' dir='ltr'>rota</span> <span class='ocrx_word' id='word_1_238' title='bbox 337 3135 486 3201; x_wconf 88' lang='lat' dir='ltr'>solemnia</span> <span class='ocrx_word' id='word_1_239' title='bbox 507 3136 538 3201; x_wconf 90' lang='lat' dir='ltr'>in</span> <span class='ocrx_word' id='word_1_240' title='bbox 561 3138 688 3218; x_wconf 89' lang='lat' dir='ltr'>probata</span> <span class='ocrx_word' id='word_1_241' title='bbox 710 3135 857 3219; x_wconf 87' lang='lat' dir='ltr'>religione</span> <span class='ocrx_word' id='word_1_242' title='bbox 882 3135 1041 3201; x_wconf 89' lang='lat' dir='ltr'>emiserint</span> <span class='ocrx_word' id='word_1_243' title='bbox 1050 3138 1085 3219; x_wconf 84' lang='lat'>⁴).</span> 
     </span>
    </p>
   </div>
   <div class='ocr_carea' id='block_1_7' title="bbox 169 3256 1411 3959">
    <p class='ocr_par' dir='ltr' id='par_1_7' title="bbox 169 3256 1411 3959">
     <span class='ocr_line' id='line_1_28' title="bbox 275 3256 1410 3341; baseline -0.001 -20"><span class='ocrx_word' id='word_1_244' title='bbox 275 3256 325 3321; x_wconf 82' lang='lat'>16.</span> <span class='ocrx_word' id='word_1_245' title='bbox 355 3256 541 3324; x_wconf 87' lang='lat' dir='ltr'>Ordinantes</span> <span class='ocrx_word' id='word_1_246' title='bbox 572 3260 675 3323; x_wconf 89' lang='lat' dir='ltr'>autern</span> <span class='ocrx_word' id='word_1_247' title='bbox 708 3256 843 3323; x_wconf 90' lang='lat' dir='ltr'>alienum</span> <span class='ocrx_word' id='word_1_248' title='bbox 870 3256 1027 3322; x_wconf 91' lang='lat' dir='ltr'>subditum</span> <span class='ocrx_word' id='word_1_249' title='bbox 1053 3258 1147 3322; x_wconf 87' lang='lat' dir='ltr'>etiam</span> <span class='ocrx_word' id='word_1_250' title='bbox 1172 3256 1228 3321; x_wconf 91' lang='lat' dir='ltr'>snb</span> <span class='ocrx_word' id='word_1_251' title='bbox 1251 3259 1410 3341; x_wconf 79' lang='lat' dir='ltr'>praetextu</span> 
     </span>
     <span class='ocr_line' id='line_1_29' title="bbox 171 3360 1411 3441; baseline 0.003 -18"><span class='ocrx_word' id='word_1_252' title='bbox 171 3360 310 3426; x_wconf 86' lang='lat' dir='ltr'>beneficii</span> <span class='ocrx_word' id='word_1_253' title='bbox 332 3362 441 3428; x_wconf 89' lang='lat' dir='ltr'>statim</span> <span class='ocrx_word' id='word_1_254' title='bbox 463 3362 638 3428; x_wconf 87' lang='lat' dir='ltr'>conferendi</span> <span class='ocrx_word' id='word_1_255' title='bbox 659 3364 715 3427; x_wconf 89' lang='lat' dir='ltr'>aut</span> <span class='ocrx_word' id='word_1_256' title='bbox 737 3364 800 3427; x_wconf 91' lang='lat' dir='ltr'>iam</span> <span class='ocrx_word' id='word_1_257' title='bbox 824 3361 947 3441; x_wconf 87' lang='lat' dir='ltr'>collati,</span> <span class='ocrx_word' id='word_1_258' title='bbox 976 3362 1029 3428; x_wconf 87' lang='lat' dir='ltr'>sed</span> <span class='ocrx_word' id='word_1_259' title='bbox 1063 3361 1190 3426; x_wconf 88' lang='lat' dir='ltr'>minime</span> <span class='ocrx_word' id='word_1_260' title='bbox 1217 3360 1411 3440; x_wconf 80' lang='lat' dir='ltr'>sufficientis,</span> 
     </span>
     <span class='ocr_line' id='line_1_30' title="bbox 170 3464 1409 3550; baseline 0.001 -21"><span class='ocrx_word' id='word_1_261' title='bbox 170 3464 285 3549; x_wconf 87' lang='lat' dir='ltr'>absque</span> <span class='ocrx_word' id='word_1_262' title='bbox 307 3466 373 3532; x_wconf 87' lang='lat' dir='ltr'>eius</span> <span class='ocrx_word' id='word_1_263' title='bbox 398 3466 537 3550; x_wconf 85' lang='lat' dir='ltr'>Episcopi</span> <span class='ocrx_word' id='word_1_264' title='bbox 560 3466 676 3532; x_wconf 90' lang='lat' dir='ltr'>litteris</span> <span class='ocrx_word' id='word_1_265' title='bbox 698 3466 889 3538; x_wconf 88' lang='lat' dir='ltr'>dimissoriis,</span> <span class='ocrx_word' id='word_1_266' title='bbox 916 3466 962 3530; x_wconf 87' lang='lat' dir='ltr'>rel</span> <span class='ocrx_word' id='word_1_267' title='bbox 985 3466 1144 3530; x_wconf 90' lang='lat' dir='ltr'>subditum</span> <span class='ocrx_word' id='word_1_268' title='bbox 1168 3465 1335 3549; x_wconf 85' lang='lat' dir='ltr'>proprium,</span> <span class='ocrx_word' id='word_1_269' title='bbox 1357 3466 1409 3549; x_wconf 88' lang='lat' dir='ltr'>qni</span> 
     </span>
     <span class='ocr_line' id='line_1_31' title="bbox 170 3567 1411 3653; baseline 0 -20"><span class='ocrx_word' id='word_1_270' title='bbox 170 3567 245 3633; x_wconf 89' lang='lat' dir='ltr'>alibi</span> <span class='ocrx_word' id='word_1_271' title='bbox 268 3572 356 3635; x_wconf 88' lang='lat' dir='ltr'>tanto</span> <span class='ocrx_word' id='word_1_272' title='bbox 377 3574 515 3653; x_wconf 89' lang='lat' dir='ltr'>tempore</span> <span class='ocrx_word' id='word_1_273' title='bbox 537 3574 743 3637; x_wconf 85' lang='lat' dir='ltr'>commoratus</span> <span class='ocrx_word' id='word_1_274' title='bbox 766 3570 816 3648; x_wconf 90' lang='lat' dir='ltr'>sit,</span> <span class='ocrx_word' id='word_1_275' title='bbox 843 3574 878 3635; x_wconf 89' lang='lat' dir='ltr'>ut</span> <span class='ocrx_word' id='word_1_276' title='bbox 900 3572 1079 3635; x_wconf 87' lang='lat' dir='ltr'>canonicum</span> <span class='ocrx_word' id='word_1_277' title='bbox 1096 3569 1351 3652; x_wconf 89' lang='lat' dir='ltr'>impedimentum</span> <span class='ocrx_word' id='word_1_278' title='bbox 1368 3570 1411 3633; x_wconf 90' lang='lat' dir='ltr'>ibi</span> 
     </span>
     <span class='ocr_line' id='line_1_32' title="bbox 170 3673 1411 3759; baseline 0 -22"><span class='ocrx_word' id='word_1_279' title='bbox 170 3673 351 3739; x_wconf 89' lang='lat' dir='ltr'>contrahere</span> <span class='ocrx_word' id='word_1_280' title='bbox 378 3676 529 3757; x_wconf 84' lang='lat' dir='ltr'>potuerit,</span> <span class='ocrx_word' id='word_1_281' title='bbox 561 3676 676 3759; x_wconf 87' lang='lat' dir='ltr'>absque</span> <span class='ocrx_word' id='word_1_282' title='bbox 704 3674 819 3739; x_wconf 88' lang='lat' dir='ltr'>litteris</span> <span class='ocrx_word' id='word_1_283' title='bbox 850 3674 1110 3740; x_wconf 90' lang='lat' dir='ltr'>testimonialibus</span> <span class='ocrx_word' id='word_1_284' title='bbox 1141 3674 1295 3740; x_wconf 88' lang='lat' dir='ltr'>Ordinarii</span> <span class='ocrx_word' id='word_1_285' title='bbox 1326 3674 1411 3738; x_wconf 89' lang='lat' dir='ltr'>illins</span> 
     </span>
     <span class='ocr_line' id='line_1_33' title="bbox 169 3775 1410 3863; baseline 0.002 -22"><span class='ocrx_word' id='word_1_286' title='bbox 169 3775 246 3853; x_wconf 91' lang='lat' dir='ltr'>loci,</span> <span class='ocrx_word' id='word_1_287' title='bbox 277 3776 308 3841; x_wconf 91' lang='lat' dir='ltr'>in</span> <span class='ocrx_word' id='word_1_288' title='bbox 339 3778 567 3861; x_wconf 87' lang='lat' dir='ltr'>suspensionem</span> <span class='ocrx_word' id='word_1_289' title='bbox 591 3798 782 3862; x_wconf 87' lang='lat' dir='ltr'>perannum</span> <span class='ocrx_word' id='word_1_290' title='bbox 811 3778 851 3844; x_wconf 89' lang='lat' dir='ltr'>ab</span> <span class='ocrx_word' id='word_1_291' title='bbox 877 3778 1028 3843; x_wconf 90' lang='lat' dir='ltr'>Ordiuum</span> <span class='ocrx_word' id='word_1_292' title='bbox 1056 3778 1325 3844; x_wconf 86' lang='lat' dir='ltr'>administratione</span> <span class='ocrx_word' id='word_1_293' title='bbox 1345 3778 1410 3863; x_wconf 90' lang='lat' dir='ltr'>ipso</span> 
     </span>
     <span class='ocr_line' id='line_1_34' title="bbox 170 3880 462 3959; baseline 0.021 -15"><span class='ocrx_word' id='word_1_294' title='bbox 170 3880 235 3946; x_wconf 91' lang='lat' dir='ltr'>inre</span> <span class='ocrx_word' id='word_1_295' title='bbox 258 3880 462 3959; x_wconf 73' lang='lat' dir='ltr'>incununtn.</span> 
     </span>
    </p>
   </div>
   <div class='ocr_carea' id='block_1_8' title="bbox 170 4002 1410 4184">
    <p class='ocr_par' dir='ltr' id='par_1_8' title="bbox 170 4002 1410 4184">
     <span class='ocr_line' id='line_1_35' title="bbox 275 4002 1409 4089; baseline 0.002 -22"><span class='ocrx_word' id='word_1_296' title='bbox 275 4004 324 4070; x_wconf 88' lang='grc'>17.</span> <span class='ocrx_word' id='word_1_297' title='bbox 347 4004 465 4069; x_wconf 87' lang='lat' dir='ltr'>Harum</span> <span class='ocrx_word' id='word_1_298' title='bbox 490 4024 560 4070; x_wconf 83' lang='lat' dir='ltr'>nero</span> <span class='ocrx_word' id='word_1_299' title='bbox 587 4004 775 4072; x_wconf 89' lang='lat' dir='ltr'>Dioecesium</span> <span class='ocrx_word' id='word_1_300' title='bbox 801 4004 916 4082; x_wconf 89' lang='lat' dir='ltr'>elerici,</span> <span class='ocrx_word' id='word_1_301' title='bbox 939 4005 993 4089; x_wconf 82' lang='lat' dir='ltr'>qni</span> <span class='ocrx_word' id='word_1_302' title='bbox 1016 4004 1055 4068; x_wconf 91' lang='lat' dir='ltr'>ab</span> <span class='ocrx_word' id='word_1_303' title='bbox 1078 4002 1148 4068; x_wconf 89' lang='lat' dir='ltr'>aliis</span> <span class='ocrx_word' id='word_1_304' title='bbox 1165 4003 1324 4087; x_wconf 87' lang='lat' dir='ltr'>Episcopis</span> <span class='ocrx_word' id='word_1_305' title='bbox 1340 4024 1409 4069; x_wconf 88' lang='lat' dir='ltr'>enm</span> 
     </span>
     <span class='ocr_line' id='line_1_36' title="bbox 170 4107 1410 4184; baseline 0.002 -13"><span class='ocrx_word' id='word_1_306' title='bbox 170 4108 281 4173; x_wconf 84' lang='lat' dir='ltr'>nostris</span> <span class='ocrx_word' id='word_1_307' title='bbox 303 4108 486 4175; x_wconf 87' lang='lat' dir='ltr'>dimissoriis</span> <span class='ocrx_word' id='word_1_308' title='bbox 510 4108 625 4174; x_wconf 87' lang='lat' dir='ltr'>litteris</span> <span class='ocrx_word' id='word_1_309' title='bbox 648 4108 780 4173; x_wconf 88' lang='lat' dir='ltr'>ordinati</span> <span class='ocrx_word' id='word_1_310' title='bbox 805 4108 936 4184; x_wconf 86' lang='lat' dir='ltr'>tuerint,</span> <span class='ocrx_word' id='word_1_311' title='bbox 963 4108 1044 4173; x_wconf 85' lang='lat' dir='ltr'>inira</span> <span class='ocrx_word' id='word_1_312' title='bbox 1067 4127 1202 4173; x_wconf 88' lang='lat' dir='ltr'>mensem</span> <span class='ocrx_word' id='word_1_313' title='bbox 1226 4107 1349 4173; x_wconf 87' lang='lat' dir='ltr'>litteras</span> <span class='ocrx_word' id='word_1_314' title='bbox 1373 4110 1410 4174; x_wconf 89' lang='lat' dir='ltr'>de</span> 
     </span>
    </p>
   </div>
   <div class='ocr_carea' id='block_1_9' title="bbox 167 4312 1411 4645">
    <p class='ocr_par' dir='ltr' id='par_1_9' title="bbox 167 4312 1411 4645">
     <span class='ocr_line' id='line_1_37' title="bbox 274 4312 1411 4385; baseline 0.003 -17"><span class='ocrx_word' id='word_1_315' title='bbox 274 4315 300 4383; x_wconf 91' lang='grc'>1)</span> <span class='ocrx_word' id='word_1_316' title='bbox 317 4312 409 4370; x_wconf 78' lang='lat' dir='ltr'>const.</span> <span class='ocrx_word' id='word_1_317' title='bbox 429 4317 573 4385; x_wconf 79' lang='lat' dir='ltr'>Impositi</span> <span class='ocrx_word' id='word_1_318' title='bbox 590 4316 689 4378; x_wconf 83' lang='lat' dir='ltr'>nobis,</span> <span class='ocrx_word' id='word_1_319' title='bbox 706 4314 749 4371; x_wconf 77' lang='lat'>27.</span> <span class='ocrx_word' id='word_1_320' title='bbox 768 4314 845 4370; x_wconf 75' lang='lat' dir='ltr'>Febr.</span> <span class='ocrx_word' id='word_1_321' title='bbox 864 4315 939 4370; x_wconf 78' lang='lat'>1747.</span> <span class='ocrx_word' id='word_1_322' title='bbox 957 4344 988 4353; x_wconf 91' lang='lat'>-</span> <span class='ocrx_word' id='word_1_323' title='bbox 1009 4315 1087 4384; x_wconf 80' lang='lat' dir='ltr'>a)1n</span> <span class='ocrx_word' id='word_1_324' title='bbox 1106 4313 1226 4370; x_wconf 78' lang='lat' dir='ltr'>Firman.</span> <span class='ocrx_word' id='word_1_325' title='bbox 1243 4314 1323 4370; x_wconf 82' lang='lat' dir='ltr'>Vicit.</span> <span class='ocrx_word' id='word_1_326' title='bbox 1343 4314 1411 4371; x_wconf 75' lang='lat'>1782</span> 
     </span>
     <span class='ocr_line' id='line_1_38' title="bbox 169 4400 1410 4471; baseline 0.001 -16"><span class='ocrx_word' id='word_1_327' title='bbox 169 4402 197 4455; x_wconf 86' lang='lat' dir='ltr'>et</span> <span class='ocrx_word' id='word_1_328' title='bbox 215 4400 243 4455; x_wconf 88' lang='lat' dir='ltr'>iu</span> <span class='ocrx_word' id='word_1_329' title='bbox 259 4400 434 4456; x_wconf 85' lang='lat' dir='ltr'>Tarraconen.</span> <span class='ocrx_word' id='word_1_330' title='bbox 453 4401 533 4458; x_wconf 80' lang='lat' dir='ltr'>llicit.</span> <span class='ocrx_word' id='word_1_331' title='bbox 552 4400 636 4457; x_wconf 87' lang='lat' dir='ltr'>eiusd.</span> <span class='ocrx_word' id='word_1_332' title='bbox 654 4418 696 4456; x_wconf 87' lang='lat' dir='ltr'>aa.</span> <span class='ocrx_word' id='word_1_333' title='bbox 725 4429 758 4439; x_wconf 87' lang='lat'>-</span> <span class='ocrx_word' id='word_1_334' title='bbox 782 4400 809 4469; x_wconf 88' lang='grc'>3)</span> <span class='ocrx_word' id='word_1_335' title='bbox 828 4400 893 4455; x_wconf 87' lang='lat' dir='ltr'>Pius</span> <span class='ocrx_word' id='word_1_336' title='bbox 911 4400 973 4461; x_wconf 84' lang='lat' dir='ltr'><strong>IX..</strong></span> <span class='ocrx_word' id='word_1_337' title='bbox 997 4400 1088 4456; x_wconf 80' lang='lat' dir='ltr'>const</span> <span class='ocrx_word' id='word_1_338' title='bbox 1110 4403 1245 4471; x_wconf 75' lang='lat' dir='ltr'>Apostol.</span> <span class='ocrx_word' id='word_1_339' title='bbox 1263 4401 1357 4456; x_wconf 81' lang='lat' dir='ltr'>Sedis.</span> <span class='ocrx_word' id='word_1_340' title='bbox 1377 4430 1410 4439; x_wconf 99' lang='lat'>-</span> 
     </span>
     <span class='ocr_line' id='line_1_39' title="bbox 167 4486 1411 4557; baseline 0.002 -17"><span class='ocrx_word' id='word_1_341' title='bbox 167 4488 194 4551; x_wconf 76' lang='lat' dir='ltr'>ll</span> <span class='ocrx_word' id='word_1_342' title='bbox 213 4486 239 4541; x_wconf 80' lang='lat' dir='ltr'>S.</span> <span class='ocrx_word' id='word_1_343' title='bbox 257 4486 320 4543; x_wconf 82' lang='lat' dir='ltr'>Pius</span> <span class='ocrx_word' id='word_1_344' title='bbox 336 4486 376 4553; x_wconf 80' lang='lat' dir='ltr'>V,</span> <span class='ocrx_word' id='word_1_345' title='bbox 396 4486 486 4543; x_wconf 81' lang='lat' dir='ltr'>Const.</span> <span class='ocrx_word' id='word_1_346' title='bbox 508 4490 666 4546; x_wconf 77' lang='lat' dir='ltr'>Rorrrunus</span> <span class='ocrx_word' id='word_1_347' title='bbox 688 4488 841 4555; x_wconf 67' lang='lat' dir='ltr'>Pontifex,</span> <span class='ocrx_word' id='word_1_348' title='bbox 859 4487 927 4557; x_wconf 90' lang='lat' dir='ltr'>prid.</span> <span class='ocrx_word' id='word_1_349' title='bbox 945 4487 982 4543; x_wconf 91' lang='lat' dir='ltr'>id.</span> <span class='ocrx_word' id='word_1_350' title='bbox 1001 4487 1058 4544; x_wconf 89' lang='lat' dir='ltr'>Oct.</span> <span class='ocrx_word' id='word_1_351' title='bbox 1079 4486 1155 4543; x_wconf 76' lang='lat'><strong>1568.</strong></span> <span class='ocrx_word' id='word_1_352' title='bbox 1172 4517 1207 4526; x_wconf 93' lang='lat'>—</span> <span class='ocrx_word' id='word_1_353' title='bbox 1225 4489 1253 4555; x_wconf 80' lang='lat'>5)</span> <span class='ocrx_word' id='word_1_354' title='bbox 1270 4488 1335 4543; x_wconf 86' lang='lat' dir='ltr'>Pius</span> <span class='ocrx_word' id='word_1_355' title='bbox 1352 4488 1411 4555; x_wconf 77' lang='lat' dir='ltr'>IX,</span> 
     </span>
     <span class='ocr_line' id='line_1_40' title="bbox 169 4568 533 4645; baseline 0.016 -20"><span class='ocrx_word' id='word_1_356' title='bbox 169 4568 260 4628; x_wconf 80' lang='lat' dir='ltr'>Consi.</span> <span class='ocrx_word' id='word_1_357' title='bbox 284 4575 419 4645; x_wconf 76' lang='lat' dir='ltr'>Apostol.</span> <span class='ocrx_word' id='word_1_358' title='bbox 438 4575 533 4631; x_wconf 77' lang='lat' dir='ltr'>Sedis.</span> 
     </span>
    </p>
   </div>
   <div class='ocr_carea' id='block_1_10' title="bbox 0 0 1642 4917">
    <p class='ocr_par' dir='ltr' id='par_1_10' title="bbox 0 0 1642 4917">
     <span class='ocr_line' id='line_1_41' title="bbox 0 0 1642 4917; baseline 0 0"><span class='ocrx_word' id='word_1_359' title='bbox 0 0 1642 4917; x_wconf 95' lang='lat' dir='ltr'> </span> 
     </span>
    </p>
   </div>
  </div>
 </body>
</html>
