3275 4917
504 303 583 359 Poro
599 301 754 361 modo:
776 301 821 359 Dc
839 303 1055 360 sacrementis.
1338 283 1402 352 24?

156 479 283 566 parochi
305 478 420 562 aliique
441 476 712 544 Sacramentorum
734 477 1003 542 administratores
1025 477 1264 543 reminiscantur
1287 479 1404 560 quanta

156 584 362 651 conscientiae
386 583 522 667 puritate
545 601 582 647 ea
598 583 662 646 sint
677 581 861 657 tractanda;
888 581 1016 665 ideoque
1031 581 1172 646 sanctam
1191 583 1290 664 agant
1305 581 1402 646 vitam

156 691 194 756 ut
214 707 336 772 semper
358 687 397 752 ad
420 689 526 752 tantae
550 685 829 752 administrationis
851 683 988 751 officium
1019 685 1119 767 parati
1147 685 1228 762 sint,
1261 704 1297 749 ne
1330 685 1404 750 dum

156 793 228 860 aliis
254 792 374 858 caelum
403 792 563 874 aperiunt,
596 791 655 875 ipsi
686 791 744 856 sibi
772 790 813 856 ad
836 791 1009 873 gebennam
1033 791 1175 856 sternant
1197 790 1290 856 viam.
1337 789 1404 854 Etsi

156 899 239 964 enim
262 896 463 962 Sacramenta
484 896 524 960 ab
547 895 694 978 improbis
717 895 867 959 ministris
887 894 1078 978 coinquinari
1096 893 1289 976 nonpossint
1306 912 1405 978 neque

155 1002 286 1068 allectus
304 1019 411 1066 eorum
433 999 587 1083 impediri,
610 1002 715 1064 tamen
738 999 858 1083 impure
881 999 1068 1083 indigneque
1088 1017 1125 1063 oa
1141 999 1353 1064 ministrantes
1370 999 1404 1063 in

156 1108 301 1172 astoricae
323 1105 433 1171 mortis
457 1106 576 1170 reatum
599 1105 812 1188 incurrunt1),

261 1211 293 1275 2.
327 1209 369 1276 Ut
402 1210 509 1274 autam
540 1207 678 1274 interiori
714 1207 876 1274 sanctitati
907 1209 1039 1274 anterior
1070 1225 1190 1291 quoque
1222 1207 1404 1291 respondeat

156 1315 270 1392 cultus,
293 1314 468 1380 sacerdotes
487 1313 518 1377 in
541 1313 812 1378 sacramentorum
834 1311 1102 1378 administratione
1125 1312 1257 1378 talarem
1278 1315 1403 1391 resisus,

157 1421 183 1484 si
205 1419 271 1484 lieri
293 1419 401 1502 pessit,
424 1417 572 1495 induant;
595 1436 716 1501 semper
738 1419 844 1482 autem
868 1417 1004 1482 habeant
1022 1415 1276 1500 superpelliceum
1293 1418 1327 1482 et
1341 1419 1405 1482 sto·

158 1523 220 1588 lam
237 1523 436 1607 congruentis
450 1521 570 1600 coloris,
595 1521 655 1586 nisi
671 1522 702 1586 in
718 1525 912 1587 sacramento
930 1521 1143 1586 Poenitentiae
1158 1520 1404 1586 administrando

156 1627 276 1694 occasio
300 1626 348 1691 rel
371 1626 559 1692 cousuetudo
583 1624 630 1691 sel
653 1626 739 1691 locus
758 1625 916 1690 interdum
942 1625 1033 1690 aliter
1056 1625 1195 1691 suadeat.
1242 1624 1401 1691 curabunt

157 1733 253 1797 otiam
277 1731 311 1794 ιιι
333 1748 422 1794 sacra
442 1748 515 1795 rasa
536 1733 569 1794 et
596 1730 802 1794 iustrumenta
824 1748 901 1812 quaa
925 1728 955 1792 in
980 1728 1037 1793 bac
1058 1727 1326 1794 administratione
1349 1729 1404 1794 ad-

159 1833 312 1913 hibentur,
337 1832 437 1898 nitida
459 1833 523 1898 sint
545 1852 582 1900 ac
601 1833 763 1917 mundat),
786 1851 885 1916 noque
904 1833 1047 1898 omnibus
1070 1832 1169 1898 obvia.

262 1937 293 2004 a.
317 1938 482 2003 Praeterea
503 1937 642 2022 graviter
664 1936 869 2021 religioseque
891 1936 996 2001 omnia
1018 1938 1180 2021 peragant,
1202 1956 1237 2002 eo
1258 1937 1407 2002 etiamst

159 2041 213 2126 qni
236 2041 361 2118 adsunt,
384 2041 423 2107 ad
445 2041 595 2126 pietatem
618 2041 800 2106 excitentur.

260 2147 291 2212 4.
313 2144 391 2212 cum
414 2149 519 2212 autern
542 2145 667 2229 singula
681 2144 883 2212 Sacramenta
899 2144 999 2210 tribus
1013 2145 1216 2211 conficiantur
1234 2144 1405 2222 elementis,

158 2249 241 2315 idest
262 2251 354 2315 rebus
376 2252 536 2333 tamqnam
561 2248 704 2329 materia,
727 2249 828 2314 verbis
851 2252 1010 2332 tamquam
1035 2249 1133 2315 torma
1148 2251 1179 2315 et
1197 2269 1324 2333 persona
1344 2251 1403 2314 mi-

160 2354 249 2420 nistri
270 2374 340 2419 cum
364 2353 536 2419 intentione
559 2354 671 2418 saltem
696 2353 829 2418 faciendi
850 2354 930 2437 quod
955 2353 1031 2419 iacit
1047 2353 1195 2432 Ecclesia,
1218 2353 1269 2438 qni
1288 2373 1324 2418 ea
1345 2355 1404 2418 mi·

159 2459 312 2535 nistrant,
344 2457 452 2524 scdulo
482 2461 591 2524 curent
617 2477 655 2523 ne
684 2458 808 2524 debitae
841 2457 1006 2533 materiae,
1037 2458 1153 2523 termae
1184 2463 1216 2523 et
1241 2458 1405 2523 intentioni

160 2561 277 2645 aliquid
302 2561 392 2629 desit.

263 2668 294 2732 5.
324 2665 411 2748 Quae
433 2665 464 2731 in
489 2666 609 2732 Eituali
630 2685 757 2733 romano
779 2667 817 2732 de
840 2667 1109 2734 Sacramsutorum
1138 2667 1406 2733 administratione

159 2770 352 2854 praescripta
380 2773 471 2849 sunt,
506 2771 639 2836 maxima
667 2771 867 2837 observentur
894 2771 1078 2856 diligentia;
1114 2770 1289 2838 huiusmodi
1323 2774 1404 2837 enim

158 2873 315 2940 Ecclesiae
337 2874 510 2941 catholicae
534 2877 612 2941 ritus
635 2894 654 2940 a
677 2875 828 2942 ministris
852 2877 1007 2942 contemni
1030 2879 1085 2941 aut
1109 2894 1161 2960 pro
1184 2875 1275 2940 libito
1301 2875 1405 2940 omitti

157 2979 224 3044 sine
247 2982 373 3062 peccato
396 2999 455 3044 non
480 2983 608 3063 possunt
622 2981 659 3065 ⁸).

262 3085 293 3148 6.
330 3082 429 3148 Iidem
460 3083 594 3150 ministri
629 3083 826 3150 meminerint
853 3085 886 3148 in
909 3082 1117 3149 Sacramentis
1148 3083 1405 3148 administrandis

157 3205 218 3252 non
236 3186 349 3264 licere,
382 3189 468 3254 extra
503 3189 697 3253 necessitatis
729 3207 855 3265 casnm,
890 3187 976 3271 sequi
1010 3187 1183 3272 opinionem
1214 3186 1404 3271 probabilem

158 3309 256 3376 neque
277 3291 514 3374 probabiliorem
537 3292 575 3357 de
597 3293 701 3357 valore
722 3291 919 3370 sacramenti,
941 3292 1051 3357 relicta
1073 3292 1237 3372 tulisset).

263 3395 293 3460 7.
322 3396 451 3462 Parecbi
472 3398 577 3461 autem
598 3397 853 3481 quotiescumque
875 3397 913 3461 ad
936 3395 1182 3461 administranda
1202 3393 1405 3462 Sacramenta

158 3499 259 3565 vocati
282 3501 406 3577 inerint,
430 3501 553 3566 abiecta
575 3502 657 3566 omni
682 3501 890 3578 cunctatione,
912 3520 966 3566 suo
990 3501 1160 3584 longantur
1180 3497 1299 3581 officim
1324 3501 1405 3584 quod

157 3604 185 3670 si
207 3604 240 3668 in
262 3603 320 3668 boc
342 3603 538 3688 deliquerint,
563 3606 701 3689 graviter
723 3606 908 3688 punientnr;
932 3605 1118 3690 gravissime
1141 3623 1222 3682 rero,
1245 3605 1270 3668 si
1294 3605 1364 3690 quis
1388 3624 1405 3669 e

158 3707 270 3791 populo
291 3706 352 3772 sibi
374 3709 490 3775 credito
512 3711 579 3774 sine
597 3708 807 3775 sacramentis
828 3711 984 3776 Ecclesiae
1004 3711 1042 3776 ob
1059 3728 1163 3775 eorum
1181 3707 1404 3793 negligentiam

158 3829 195 3876 er
216 3811 274 3876 bac
295 3811 361 3875 rita
379 3811 578 3898 migraverit3
601 3813 739 3899 quinimo
754 3814 900 3880 studeant
916 3817 952 3879 ot
968 3833 1005 3880 ea
1021 3818 1166 3898 aegrotus
1182 3813 1315 3897 recipiat
1330 3812 1404 3879 dum

160 3915 355 3999 compescui
378 3919 436 3984 est.

261 4021 291 4088 8.
326 4019 403 4087 cnm
434 4021 544 4107 cuique
573 4023 733 4106 religionis
761 4021 904 4088 ministro
931 4023 1115 4088 censendum
1139 4022 1182 4087 sit
1203 4019 1263 4087 sibi
1286 4020 1404 4086 dictum

155 4125 237 4209 quod
267 4123 411 4190 cbristus
444 4126 632 4210 Apostoticis
666 4127 788 4193 locutus
819 4129 889 4193 est:
927 4125 1052 4193 ›Gratis
1087 4126 1270 4210 accepistis,
1307 4125 1406 4210 gratis

156 4229 295 4308 date⁶t,‹
324 4233 464 4294 vetamus
485 4232 610 4296 omnine
634 4251 672 4296 ue
693 4231 836 4297 sacerdos
859 4231 891 4297 iu
914 4229 1184 4297 Sacramentornm
1208 4229 1406 4295 administra·

156 4335 259 4410 tione,
288 4352 327 4399 ne
352 4333 476 4417 oblique
503 4336 644 4420 quidem,
675 4335 793 4420 aliquid
815 4336 969 4419 postulet,
998 4340 1034 4400 ut
1055 4335 1205 4400 simoniae
1227 4336 1284 4400 aut
1306 4334 1406 4418 turpis

264 4489 290 4558 1)
307 4487 400 4547 conat
419 4493 465 4547 cit.
487 4491 566 4548 Pauli
582 4491 615 4547 V.
641 4521 675 4532 -
699 4491 727 4562 2)
749 4490 843 4547 const
861 4491 906 4548 cit
935 4521 968 4532 -
995 4490 1025 4561 8)
1048 4489 1127 4548 Ocno.
1151 4489 1236 4556 Trid,
1259 4507 1323 4546 sess.
1342 4489 1406 4555 vn,

156 4591 217 4632 can.
236 4575 277 4632 18.
306 4603 339 4615 -
365 4577 394 4646 t)
412 4578 493 4649 Prop.
515 4581 528 4635 l
556 4583 585 4635 et
607 4580 650 4635 2⁹.
674 4579 764 4635 damn.
791 4579 827 4634 ab
852 4579 945 4636 Innec.
971 4577 1022 4634 x1.
1049 4578 1093 4634 die
1119 4579 1145 4634 2.
1167 4577 1249 4634 biart.
1273 4575 1350 4633 1679.
1371 4605 1406 4616 -

156 4664 185 4732 b)
202 4661 289 4718 mea„
306 4661 342 4728 X,
358 4662 385 4718 8·
