3275 4917
255 237 320 302 454
502 252 645 322 mmcm
665 250 865 306 eucnemon
883 254 913 305 cr
934 246 1093 307 arcemn
1112 262 1141 306 a
1163 246 1246 307 reos.

359 426 410 492 30.
435 424 484 490 bd
507 423 666 490 ecclesiam
691 421 884 488 Matrimonii
907 421 1081 488 celebrandi
1103 440 1198 488 cansa
1219 443 1267 502 ea,
1286 444 1349 509 qua
1371 444 1428 510 par
1450 426 1512 491 cst

257 530 407 597 modestia
424 528 572 596 accedant
594 526 713 611 sponsi,
744 526 836 610 idque
866 544 902 591 eo
931 527 1125 610 potissimum
1156 528 1293 614 tempore
1322 548 1382 614 qno
1410 530 1510 595 iuxta

256 638 446 721 praesentem
468 632 623 699 llcclesiae
647 629 844 714 disciplinam
861 630 1040 715 nuptiarum
1055 631 1268 699 solemnitates
1283 634 1507 717 probibentur;

257 740 295 806 ab
317 738 461 806 Adventu
484 735 603 803 scilicet
628 734 749 801 Domini
771 735 867 801 nostri
882 734 959 802 lesu
976 734 1094 802 Christi
1113 755 1208 821 usqne
1225 737 1264 802 ad
1281 738 1507 822 ltpipbaniam,

255 848 288 910 et
303 864 322 910 s
338 843 413 909 ieris
428 842 471 907 IV
492 841 634 905 cinerum
659 857 755 923 nsque
778 838 816 905 ed
840 842 983 905 octavam
1005 840 1167 907 Pascbstis
1190 840 1388 925 inclusir01).
1412 842 1507 925 Quae

255 947 422 1033 probibitio
444 944 579 1029 intelligi
603 945 725 1008 tanturn
751 942 843 1008 debet
865 943 903 1008 de
923 943 1020 1009 Misso
1041 963 1078 1010 ac
1099 944 1137 1010 de
1154 944 1295 1027 precibus
1310 966 1365 1030 pro
1379 948 1507 1031 sponsis

255 1054 288 1118 in
310 1051 433 1117 Missali
455 1048 573 1133 positis,
599 1048 783 1131 minimeque
806 1046 937 1131 obtingit
961 1048 1191 1116 Matrimonium
1215 1050 1304 1128 illud,
1327 1050 1505 1135 quodcum

256 1157 329 1223 solis
352 1154 526 1221 celebratur
547 1151 746 1218 caeremoniis
768 1154 800 1217 ct
823 1152 974 1236 precibus,
997 1170 1077 1236 quae
1099 1152 1132 1218 in
1155 1154 1273 1220 Rituali
1291 1156 1427 1221 Romano
1449 1174 1504 1221 re-

257 1259 460 1345 periuntnr¹).
495 1257 554 1323 Sed
580 1246 957 1341 praedictistemporibus
980 1256 1212 1324 Matrimonium
1235 1259 1386 1325 celebrari
1401 1259 1503 1325 etiarn

256 1367 321 1431 sine
353 1363 493 1448 precibus
523 1361 774 1444 orationibusque
805 1361 959 1426 contentis
989 1361 1020 1425 in
1044 1362 1139 1428 Missa
1163 1383 1217 1447 pro
1238 1364 1358 1448 sponsis
1379 1367 1412 1429 et
1432 1365 1504 1430 sine

256 1473 381 1536 externa
413 1486 524 1551 pompa
560 1466 699 1532 vetemus
733 1464 850 1548 absque
882 1468 989 1531 nostra
1023 1465 1149 1533 licentia
1179 1467 1228 1533 rel
1258 1470 1356 1534 nostri
1382 1468 1502 1533 Vicarii

257 1573 417 1641 Generalis
439 1570 552 1636 debitis
575 1568 770 1635 cantionibus
794 1568 997 1635 concedenda

360 1678 413 1741 31.
435 1673 568 1741 Parecbi
592 1674 752 1739 bortentur
775 1692 911 1756 sponsos,
931 1682 968 1739 ut
990 1676 1155 1759 antequam
1173 1675 1406 1742 Matrimonium
1425 1694 1501 1742 con-

257 1782 395 1857 trabant,
418 1798 475 1845 sna
497 1780 623 1862 peccem
646 1777 813 1861 diligenter
833 1777 1048 1857 confiteantur,
1073 1779 1362 1864 sanctissimamque
1377 1780 1502 1846 Mncba·

256 1888 376 1953 ristiam
400 1883 449 1968 pie
472 1882 674 1967 recipienti),
708 1885 802 1965 atque
825 1881 865 1947 ad
888 1883 965 1948 baec
987 1883 1189 1951 Sacramenta
1211 1886 1332 1950 mature
1354 1904 1388 1951 se
1409 1905 1500 1969 prac-

259 1993 377 2077 parent,
401 1991 436 2055 ut
459 1986 593 2072 gratiam
617 1985 771 2069 accipiunt
795 1986 978 2055 uberiorem.

360 2094 412 2159 32.
443 2091 476 2157 Si
500 2094 620 2174 tempus
646 2090 789 2157 leriatum
813 2091 860 2157 rel
883 2090 962 2157 ritus
986 2110 1046 2157 non
1067 2093 1188 2172 obstet,
1218 2096 1273 2159 out
1293 2112 1406 2177 sponsa
1427 2093 1501 2159 aliis

257 2197 374 2281 nuptiis
398 2195 560 2262 benedicta
583 2214 640 2260 non
662 2194 772 2272 luerit,
801 2196 944 2261 sacerdos
972 2197 1170 2263 Matrimonio
1192 2198 1341 2265 assistens
1363 2198 1500 2263 celebret

258 2302 388 2367 Missam
418 2319 471 2385 pro
500 2300 636 2383 sponsis,
667 2318 759 2385 qnam
792 2303 896 2366 tamen
928 2319 986 2366 non
1015 2304 1140 2367 tenetur
1161 2320 1215 2385 pro
1238 2302 1314 2386 ipsis
1331 2302 1499 2385 applicare,

258 2406 315 2471 nisi
339 2406 378 2473 ab
400 2406 445 2471 eie
465 2405 688 2489 eleemosynam
710 2404 893 2488 accipiat4).

360 2512 412 2575 33.
436 2509 503 2575 Illis
523 2528 593 2574 vero
608 2507 801 2593 coniugibus,
824 2510 877 2593 qni
894 2507 925 2575 in
942 2509 1076 2575 ineundo
1093 2509 1292 2576 Matrimonio
1305 2528 1500 2594 quacumque

258 2616 294 2681 de
317 2632 409 2680 cansa
428 2613 671 2678 benedictionem
689 2631 747 2677 non
765 2614 949 2696 acceperint,
970 2613 1093 2679 etiarnsi
1109 2633 1176 2681 eam
1192 2614 1397 2699 expostulent,
1415 2617 1497 2698 post

257 2738 349 2804 quarn
372 2717 425 2783 diu
447 2718 479 2783 in
501 2714 698 2781 matrimonio
723 2717 870 2794 riserunt,
891 2718 950 2782 nisi
974 2718 1094 2798 mulier,
1115 2722 1189 2803 qnia
1211 2717 1304 2784 sidua
1325 2722 1412 2798 erat,
1431 2718 1496 2783 iam

256 2824 355 2907 ipsam
379 2820 620 2889 benedictionem
636 2820 797 2903 acceperit,
823 2820 898 2886 beec
913 2822 1111 2905 impertietur
1130 2825 1210 2888 inter
1228 2824 1345 2889 Missae
1360 2823 1496 2887 celebra·

257 2929 382 3002 tionem,
405 2926 458 2993 sod
482 2927 569 2991 extra
591 2928 713 3008 tempus
735 2926 890 2991 feriatum.
918 2926 985 2992 Inro
1000 2927 1146 3012 coniuges
1162 2926 1319 3003 catholici,
1335 2927 1387 3012 qui
1405 2926 1496 2992 bene-

256 3031 422 3097 dictionem
456 3030 504 3095 sui
533 3028 725 3095 Matrimonii
760 3046 819 3094 non
849 3033 1045 3114 receperunt,
1079 3031 1223 3097 hortandi
1246 3034 1336 3109 snnt,
1366 3033 1402 3095 nt
1430 3050 1497 3095 cern

255 3136 482 3222 quamprimum
507 3135 679 3217 exposcant,
703 3132 870 3218 codemque
893 3138 1030 3218 tempore
1050 3127 1194 3201 moner'rdi
1218 3137 1296 3201 lianc
1312 3135 1498 3202 benedictio-

257 3259 325 3306 nem
350 3258 408 3304 nou
433 3238 471 3303 ad
496 3237 702 3303 substantiam
725 3240 757 3302 et
779 3236 997 3305 cilicacitstcm
1022 3240 1177 3323 coniugii,
1208 3240 1262 3305 sed
1293 3239 1332 3305 ad
1361 3240 1497 3305 eiusdem

257 3348 351 3415 ritum
373 3342 664 3427 solemnitatemque
686 3342 886 3428 pertinereii.

360 3450 412 3514 34.
448 3446 604 3513 Parocbns
631 3446 820 3512 celebratum
844 3446 1097 3525 Matrimonium,
1127 3447 1186 3513 etsi
1209 3448 1308 3513 eidem
1331 3448 1412 3513 alins
1432 3446 1498 3513 eins

257 3553 322 3617 vice
345 3550 519 3629 adstiterit,
545 3551 631 3618 nulla
652 3551 816 3617 interiectu
840 3569 941 3628 mora,
974 3552 1005 3617 in
1028 3551 1108 3616 libro
1130 3552 1169 3616 ad
1194 3552 1251 3617 boc
1273 3552 1383 3635 parato
1405 3554 1497 3635 atquc

255 3657 293 3723 ad
317 3656 446 3723 lormem
472 3655 603 3721 liitualis
619 3655 749 3721 Romani
769 3654 934 3733 describat,
958 3654 1093 3721 notando
1114 3674 1293 3739 sponsorum
1316 3659 1350 3722 et
1370 3654 1495 3722 testium

256 3762 382 3827 nomina
403 3764 435 3827 et
457 3760 656 3845 cognomina,
679 3778 812 3835 annum,
842 3758 925 3825 diem
955 3761 988 3826 et
1018 3761 1118 3826 locum
1151 3760 1204 3825 nbi
1226 3759 1416 3827 celebratum
1440 3760 1496 3836 est,

255 3869 348 3949 atque
371 3864 623 3948 dispensationes,
647 3864 673 3929 si
697 3882 777 3948 quae
799 3881 961 3930 concessae
984 3863 1123 3940 luerint;
1147 3863 1345 3930 celebrationi
1368 3862 1497 3948 denique

256 3970 287 4035 in
323 3969 401 4035 libro
435 3968 700 4035 matrimoniorum
734 3968 907 4052 descriptae
941 3987 1048 4035 nomen
1076 3967 1232 4052 proprium
1268 3970 1302 4033 et
1330 3986 1495 4052 cognomen

256 4073 442 4140 subscribat.

359 4178 410 4243 35.
443 4174 476 4242 Si
509 4176 743 4243 Matrimonium
773 4175 947 4242 celebretur
975 4177 1007 4242 in
1040 4176 1182 4261 paroecia
1213 4176 1252 4242 ad
1282 4194 1375 4261 quam
1396 4176 1496 4260 sponsi

257 4302 314 4349 non
336 4282 504 4366 pertinent,
528 4283 687 4364 parochus,
709 4280 761 4365 qui
786 4280 886 4345 eidem
903 4280 1033 4359 assistit,
1057 4280 1267 4346 testimoninm
1289 4282 1405 4364 scripto
1426 4299 1495 4344 exe·

360 4438 385 4506 l)
405 4435 483 4491 (lonc.
502 4435 575 4491 Trid.
594 4436 664 4490 Sese.
683 4436 784 4501 xx1v,
804 4452 864 4503 cap.
881 4436 923 4491 10.
951 4461 985 4473 -
1013 4434 1041 4503 2)
1058 4436 1086 4491 S.
1103 4436 1137 4493 R.
1156 4434 1186 4491 0.
1210 4436 1250 4491 14.
1275 4436 1345 4506 Aeg.
1368 4434 1448 4490 1858.
1464 4463 1496 4474 -

255 4524 283 4587 3)
300 4522 378 4577 conc.
396 4521 471 4576 Trld.
493 4522 530 4576 De
547 4520 596 4575 rei.
615 4520 733 4577 Matrim.
751 4536 807 4588 cap.
833 4521 855 4575 1.
884 4548 918 4559 -—
944 4521 972 4588 4)
991 4520 1018 4575 S.
1034 4519 1064 4575 0.
1084 4521 1108 4575 1.
1127 4521 1202 4591 Sept
1219 4522 1295 4577 1841.
1320 4549 1354 4560 -
1375 4520 1403 4590 5)
1422 4520 1449 4576 S.
1467 4520 1495 4578 0.

257 4608 300 4661 die
318 4607 360 4662 31.
379 4609 449 4675 bug.
468 4606 543 4662 1881.
