3275 4917
382 325 474 396 Gomp.
493 325 559 396 lnq.
578 325 625 379 24.
639 324 722 382 rnre
740 325 817 380 1895
836 327 874 381 de
895 326 1009 381 aborta
1028 326 1184 381 medicati.
1340 306 1401 372 301

159 499 304 575 salvaret,
328 499 451 581 praesto
472 496 531 581 ipsi
555 498 622 564 erat
645 497 705 576 via,
729 497 915 581 procurandi
936 495 1057 564 scilicet
1073 497 1217 564 abortum
1231 517 1285 565 sen
1302 498 1404 566 luetur

160 603 352 686 ejectionem.
392 601 482 667 Viam
503 602 583 668 hanc
606 604 753 669 consueto
773 603 840 686 ipse
859 602 972 682 inibat,
995 601 1147 668 adhibitis
1169 604 1274 668 tumen
1294 601 1410 670 mediis

160 711 193 773 et
213 706 453 790 operationibus,
476 725 529 790 per
551 725 584 771 so
608 709 703 790 atque
721 706 903 772 immediate
926 725 985 772 non
1006 707 1135 791 quidem
1157 707 1197 772 ad
1219 706 1251 771 id
1272 706 1404 791 teudon-

159 812 245 877 tibua
266 813 303 876 ut
323 811 358 874 iu
380 814 520 876 materne
542 811 612 876 sinu
634 810 750 878 loetum
767 810 952 888 occiderent,
971 809 1025 875 aed
1041 810 1236 877 solummodo
1251 813 1288 876 ut
1304 811 1402 890 rime,

160 915 186 980 si
219 913 287 981 fiori
320 917 439 998 posset,
475 914 513 980 acl
549 915 648 980 lucem
680 915 843 992 ederetur3
875 914 1017 998 quamvis
1048 914 1186 999 proxime
1223 914 1402 995 moriturus,

161 1021 267 1104 utpote
289 1019 342 1103 qui
365 1019 551 1084 immaturus
570 1018 695 1084 omuino
717 1019 819 1086 adhuc
840 1019 932 1085 asset.

260 1131 409 1197 Jamvoro
439 1131 527 1196 lectis
557 1150 635 1216 quae
665 1131 715 1197 die
751 1131 799 1196 19.
824 1131 960 1215 Augusti
986 1130 1068 1198 1889
1099 1129 1216 1198 Sancta
1245 1131 1341 1198 Sedes
1362 1133 1401 1198 ad

160 1236 413 1302 cameracensem
448 1235 721 1319 Arclriepiscopum
752 1235 930 1319 rescripsit:
968 1237 1056 1302 »tuto
1089 1235 1192 1301 doceri
1226 1255 1284 1302 nou
1315 1256 1404 1320 posse

163 1338 300 1405 »licitam
332 1359 398 1406 cese
431 1358 659 1424 quamcumque
693 1341 901 1423 operationem
936 1340 1053 1406 directe
1090 1341 1255 1406 occisiram
1289 1341 1402 1424 tostus,

162 1443 304 1510 »etiarnsi
328 1444 384 1510 hoc
407 1444 614 1510 necessarium
630 1443 710 1510 toret
725 1443 765 1508 ad
782 1447 912 1510 matrem
928 1444 1141 1522 salvandam«
1165 1444 1279 1510 dubius
1293 1445 1403 1511 haeret

160 1549 263 1614 Titius
292 1549 374 1614 circs
403 1549 570 1614 liceitatem
599 1549 811 1632 operationum
840 1547 1085 1633 chirurgicorum
1109 1548 1221 1632 quibus
1249 1569 1308 1615 non
1332 1567 1403 1615 raro

160 1653 224 1737 ipso
252 1654 393 1720 abortum
418 1653 576 1737 hucusque
598 1653 798 1736 procurabat,
831 1655 868 1717 ut
896 1655 1103 1737 praegnantes
1133 1653 1272 1736 graviter
1294 1672 1402 1738 aegro·

160 1760 265 1822 tantas
287 1757 432 1824 salvaret.

263 1868 372 1950 Quare,
396 1872 432 1934 ut
451 1869 656 1935 conscientiae
679 1887 753 1933 suae
768 1869 919 1947 consulat,
942 1869 1069 1952 supplex
1084 1867 1188 1936 Titius
1203 1868 1283 1951 petit
1297 1870 1402 1933 utrum

159 1973 339 2039 enuntiatas
368 1975 561 2058 operationes
596 1973 627 2038 tu
659 1974 811 2058 repetitis
833 1973 926 2039 dictis
956 1973 1198 2038 circumstantiis
1228 1973 1404 2039 instaurare

160 2079 230 2143 tm
252 2079 358 2162 m
505 2165 605 2232 eea
626 2165 683 2232 rr
700 2165 752 2232 eo
771 2169 825 2232 aa.
847 2163 939 2232 emas
961 2167 1059 2233 mac.

263 2295 298 2361 Iu
327 2295 438 2382 congr.
471 2315 573 2381 gener.
606 2294 638 2362 S.
663 2296 697 2360 R.
728 2298 762 2361 ot
784 2294 875 2361 Unir.
898 2294 1130 2378 Inquisitionis‚
1163 2294 1320 2378 proposita
1347 2314 1401 2359 eu·

160 2401 331 2484 prescripta
352 2400 513 2479 instantia,
537 2399 604 2465 llm.
623 2417 659 2464 ac
675 2400 782 2465 Bauer.
809 2398 933 2463 Domini
954 2398 1135 2463 cardinales
1160 2398 1189 2461 in
1214 2399 1306 2465 rebus
1330 2397 1402 2464 fidei

160 2509 192 2568 et
219 2523 338 2569 morum
364 2504 572 2588 inquisitores
602 2503 778 2587 generales,
809 2501 992 2586 praehabito
1021 2503 1096 2568 Rev.
1120 2503 1159 2568 D.
1184 2503 1402 2571 Consultomm

160 2610 247 2686 voto,
270 2608 515 2692 respondendum
537 2607 756 2676 decreverunt:
781 2606 953 2690 Negotium
974 2606 1060 2672 iuxta
1081 2607 1144 2672 alia
1169 2607 1318 2688 Decreta,
1341 2607 1402 2674 diei

159 2711 278 2778 scilicet
300 2713 351 2780 28.
377 2711 454 2778 blaii
477 2713 561 2778 1884
584 2713 616 2778 et
640 2712 691 2777 19.
712 2711 849 2798 Augusti
874 2711 958 2777 1888
974 2715 1010 2794 ¹).

262 2823 409 2910 Sequenti
439 2845 508 2891 vero
537 2825 615 2891 feria
646 2825 671 2891 V
701 2825 750 2890 die
779 2824 833 2891 25.
862 2825 962 2903 Julii,
990 2823 1022 2890 in
1053 2825 1214 2890 audientia
1244 2825 1280 2892 R.
1301 2823 1340 2892 (i.
1365 2825 1401 2890 P.

160 2929 321 2996 adsessori
340 2929 517 3015 impertita,
542 2929 656 2996 SSmus
681 2929 717 2998 D.
742 2927 781 2995 N.
804 2927 937 2995 relatam
959 2927 1025 2995 Sibi
1049 2929 1117 2994 Dm.
1142 2930 1261 3016 patrem
1285 2929 1403 2996 rosolu-

159 3034 274 3100 tionem
297 3035 488 3119 adprobavit.

263 3157 297 3223 L.
320 3156 340 3242 †
361 3155 392 3225 8.
745 3153 780 3220 J.
801 3153 955 3221 Mancini
977 3152 1054 3221 Oen.
1076 3153 1249 3239 Mopsiani,

708 3257 739 3328 S.
760 3257 797 3324 R.
819 3261 852 3324 et
874 3257 963 3324 Unir.
986 3257 1202 3343 Inquisitionis
1224 3258 1298 3326 Not.

482 3422 512 3484 6.
547 3415 597 3483 De
619 3417 719 3482 misso
731 3418 778 3482 'ira
798 3415 908 3482 ultera
928 3413 1068 3482 ccclesia.

544 3528 711 3596 Decretum
738 3527 835 3595 Urbis
856 3534 887 3594 st
906 3525 1012 3594 Orbis.

263 3659 350 3742 Quod
382 3659 568 3725 Benedictus
599 3657 683 3725 XIV.
715 3658 831 3724 diserte
863 3657 952 3723 docet
986 3655 1059 3742 (Op.
1091 3657 1122 3724 d.
1152 3657 1246 3724 Becl.
1276 3663 1306 3723 et
1325 3656 1403 3725 Oen.

161 3763 231 3829 Do.
256 3762 317 3843 IV,
338 3769 423 3846 part.
448 3764 503 3843 11,
529 3765 561 3832 O.
587 3763 644 3841 II,
667 3785 699 3829 n.
722 3764 771 3847 5),
797 3762 909 3828 Missas
932 3780 1041 3844 nempe
1063 3761 1097 3826 in
1120 3761 1264 3827 bonorem
1291 3761 1403 3826 Beato·

160 3867 300 3933 mm'rcl
323 3867 417 3933 etiam
440 3866 621 3933 Sanctorum
645 3867 802 3932 nonnullis
824 3865 992 3932 Ordinibus
1008 3864 1216 3950 Regularibus
1231 3884 1267 3930 ex
1281 3863 1403 3929 indulto

159 3991 334 4052 concrema,
369 3973 408 4036 ab
443 3971 513 4037 aliis
547 3970 733 4056 presbyteris
765 3971 830 4035 sire
866 3968 1075 4036 saecularibus
1109 3969 1174 4035 sire
1208 3966 1403 4052 regularibus

159 4077 309 4143 celebrari
332 4095 391 4142 non
413 4095 510 4161 posse,
533 4075 695 4142 Sacromm
712 4074 841 4140 Rituum
865 4073 1073 4159 Congregatio
1095 4071 1279 4157 iampridem
1300 4071 1403 4138 decla·

160 4183 300 4260 raserat,
331 4200 368 4248 ac
396 4184 500 4265 postea
531 4179 766 4266 quampluribus
788 4177 1030 4262 particularibus
1052 4195 1106 4242 seu
1129 4175 1327 4261 generalibus
1349 4176 1403 4246 de-

160 4283 253 4351 cretis
276 4285 405 4351 retinuit
428 4283 691 4368 confirmavitque.

263 4388 341 4455 Dum
364 4389 581 4468 nihilominus,
604 4389 710 4455 eodem
736 4387 903 4454 Benedicto
926 4386 1009 4453 xlv.
1035 4386 1169 4467 latente,
1199 4384 1403 4470 incongruum

161 4491 325 4574 rideretur,
349 4495 384 4559 ut
406 4494 502 4576 exteri
525 4492 698 4559 sacerdotes
721 4490 759 4558 ud
784 4490 987 4576 Regularium
1010 4489 1166 4572 ecclesias,
1187 4489 1237 4555 die
1254 4489 1403 4575 profesto

263 4686 291 4758 1)
311 4684 366 4745 co.
383 4685 482 4743 Annsl.
500 4685 572 4744 uel
588 4687 643 4741 2³¹¹·
661 4685 721 4744 vm
737 4699 764 4756 p.
787 4683 831 4741 88.
