3275 4917
500 280 579 341 Pare
597 284 747 341 eeucado.-
768 282 812 341 Dc
831 286 1046 341 eucrcmeniie.
1329 267 1394 331 453

148 462 180 525 iu
204 459 332 526 ecclesia
354 458 528 542 paroeciae,
551 457 583 522 iu
607 476 668 541 qua
690 456 793 540 sponsi
817 459 1063 536 commorantur,
1095 456 1154 521 nisi
1183 476 1235 522 eas
1256 456 1322 522 Nos
1345 457 1393 523 rei

151 565 253 629 noster
279 562 420 629 vicarius
445 561 598 646 generalis
628 560 857 638 remiserimus;
893 561 954 627 alio
984 560 1065 625 euim
1096 560 1316 645 impedimento
1347 562 1394 626 uel

150 669 314 734 dirimente
337 667 385 733 rol
408 666 596 751 impediente
619 664 755 732 devincti
779 684 847 730 esse
870 666 1008 749 possum.

255 772 307 839 27.
340 771 375 836 Ιιι
406 769 606 855 exsequendis
629 769 815 853 Apostolicis
838 768 1119 855 dispensationibus
1141 770 1313 835 carendum
1337 772 1394 847 est,

152 896 189 942 ue
213 876 285 961 quid
310 876 446 942 muueris
469 894 523 939 seu
543 873 691 958 stipendii
721 892 775 958 pro
803 873 1029 957 subscriptione
1058 876 1090 940 et
1118 872 1224 958 sigillo
1245 874 1310 939 sive
1333 874 1395 939 alia

151 981 189 1047 de
212 998 306 1047 causa
335 978 383 1044 rel
414 979 508 1044 titulo
534 978 675 1063 exigatur
705 981 760 1044 aut
785 977 1001 1061 accipiatur1).
1046 976 1105 1044 Sed
1130 978 1206 1043 haec
1227 978 1395 1061 prohibitio

153 1084 279 1150 minimo
302 1082 554 1151 cousuetudinem
579 1081 710 1166 attingit
733 1081 851 1167 aliquid
868 1082 1055 1166 percipiendi
1071 1082 1102 1145 in
1118 1084 1311 1148 antecessum
1326 1084 1393 1147 tum

152 1208 206 1271 pro
235 1185 416 1271 opportunis
446 1186 697 1271 inquisitionibus
726 1186 764 1250 ad
788 1185 1030 1279 componendum
1052 1185 1221 1269 supplicem
1244 1186 1394 1266 libellum,

153 1292 246 1377 vulgo
268 1291 304 1359 lu
320 1291 485 1374 supplico,
517 1294 583 1357 turn
608 1310 661 1375 pro
686 1289 744 1356 lide
767 1290 851 1357 lacte
870 1290 908 1356 de
929 1290 1027 1374 ipsius
1050 1289 1181 1357 veritato
1204 1290 1244 1355 ad
1267 1290 1393 1375 dispeu-

152 1396 306 1463 aatiouom
336 1394 545 1461 obtinendam.
595 1394 656 1461 ber
687 1394 785 1474 onim,
812 1413 892 1479 quae
920 1394 1071 1461 rationem
1092 1394 1203 1478 agendi
1226 1396 1397 1461 executoris

152 1500 345 1577 moderatur,
377 1498 634 1584 comprehendere
664 1499 773 1583 nequit
802 1501 891 1565 aetus
918 1500 991 1565 ante
1014 1500 1214 1582 assequutam
1237 1497 1421 1611 dispeusa-¹

152 1606 268 1671 tionem
288 1602 471 1687 expletos2).

257 1709 310 1775 28.
345 1708 394 1773 Ad
418 1707 609 1774 Matrimonii
634 1728 703 1774 vero
728 1708 923 1774 validitatem
950 1705 1119 1792 requiritur
1146 1708 1320 1792 praeseutia
1342 1728 1396 1792 pa·

154 1813 238 1879 rocbi
271 1816 306 1879 et
334 1812 445 1881 saltem
475 1812 605 1878 duorum
635 1812 764 1879 testium
777 1811 813 1899 ⁸).
863 1812 1018 1878 Paroohus
1048 1813 1168 1892 autem,
1196 1813 1250 1897 qui
1272 1831 1308 1879 ox
1330 1814 1397 1879 iure

157 1916 356 1983 Matrimonio
380 1916 523 1983 assistere
545 1916 652 1995 dohet,
677 1918 713 1982 ut
736 1918 793 1983 hoo
815 1916 918 1983 valide
939 1916 1156 1995 contrahatur,
1188 1936 1248 1983 non
1271 1921 1319 1982 est
1343 1937 1394 2002 pa·

157 2024 267 2087 rochus
290 2021 437 2105 originis,
471 2020 524 2087 sed
559 2020 708 2101 domicilii
739 2026 795 2086 aut
825 2021 914 2106 quasi
946 2020 1094 2086 domicilii
1124 2022 1396 2097 contrahentium

154 2130 235 2210 quod
261 2126 432 2209 acquiritur
457 2125 496 2190 ab
519 2143 564 2205 eo,
599 2125 652 2208 qui
682 2124 721 2191 ad
751 2124 885 2209 aliquem
909 2125 1009 2190 locum
1033 2125 1150 2210 migrat
1172 2126 1298 2191 consilio
1321 2126 1397 2191 inihi

155 2230 365 2296 commorandi
388 2248 442 2313 per
465 2230 611 2295 maiorem
633 2229 706 2295 auui
730 2232 861 2313 partem.
911 2228 978 2295 lmo
1005 2230 1210 2296 communiter
1240 2234 1397 2315 receptum

155 2336 212 2415 eet,
236 2334 274 2399 ad
297 2333 330 2398 id
353 2333 492 2399 sulficere
513 2334 736 2400 habitationem
764 2352 817 2418 per
839 2332 1006 2399 notabilem
1029 2333 1099 2399 anui
1121 2338 1241 2417 partem
1265 2333 1397 2400 alicuius

156 2438 251 2504 cilicii
273 2456 377 2503 eausa.
425 2437 562 2502 lliaimns
585 2438 712 2503 consilio
734 2437 811 2502 inibi
843 2437 1069 2515 commorandi3
1098 2438 1244 2521 ideoque,
1273 2438 1398 2523 siquis

157 2542 280 2607 demum
305 2560 435 2625 cumque
457 2541 597 2625 precaria
619 2560 713 2607 causa
734 2542 799 2607 sire
823 2542 1079 2627 peregrinationis
1106 2542 1172 2608 sire
1196 2542 1312 2627 negotii
1332 2543 1398 2609 siro

156 2646 277 2712 itineris
297 2645 361 2711 sire
384 2644 553 2712 rusticandi
579 2646 684 2729 aliquo
705 2646 738 2711 in
762 2646 829 2712 loeo
853 2646 988 2725 habitet,
1024 2645 1101 2713 baec
1128 2646 1280 2714 habitatio
1308 2648 1398 2733 quasi

157 2736 347 2815 domicilium
372 2768 429 2816 nou
452 2750 546 2835 parit,
570 2768 626 2817 nec
646 2749 891 2818 iurisdictionem
915 2751 1075 2835 paroeciae
1090 2751 1202 2817 tribuit
1214 2749 1252 2838 ⁴).
1279 2752 1311 2818 Si
1328 2770 1398 2819 vero

157 2872 215 2919 non
239 2856 358 2921 constet
382 2854 420 2920 do
442 2855 569 2921 consilio
592 2854 812 2932 commorandi,
837 2855 1137 2939 praesumptionibus
1160 2856 1310 2922 utendum
1332 2858 1398 2932 est;

157 2958 366 3040 praesumptio
388 2965 493 3023 autern
515 2958 593 3023 satis
613 2958 704 3022 drma
725 2958 872 3035 habetur,
903 2959 930 3023 si
959 2958 1013 3023 ille
1042 2960 1096 3043 qui
1119 2959 1278 3025 contrahit
1297 2962 1399 3043 spatio

156 3062 267 3127 saltem
289 3062 379 3125 unius
393 3062 515 3137 mensis,
540 3063 706 3145 antequam
724 3060 959 3127 Matrimonium
975 3062 1187 3140 contrahatur,
1212 3064 1400 3129 habitaverit

157 3165 187 3229 in
211 3166 278 3231 loco
301 3165 354 3230 ubi
379 3156 612 3231 Matrimonium
633 3164 734 3249 ipsum
758 3166 977 3232 celebrandum
999 3166 1094 3253 est‘).
1118 3166 1152 3233 Si
1168 3168 1237 3252 quis
1253 3186 1324 3234 voro
1339 3168 1399 3233 duo

157 3269 272 3336 babeat
293 3269 465 3349 domicilia,
495 3289 554 3335 uon
585 3273 710 3336 tenetur
728 3270 909 3336 contrahere
932 3270 1166 3336 Matrimonium
1189 3272 1221 3337 in
1247 3274 1398 3355 paroecia,

157 3373 210 3438 ubi
239 3375 314 3439 tuuc
340 3374 487 3457 temporis
514 3377 739 3453 commoratur,
770 3373 825 3440 sed
854 3374 1035 3441 contrahere
1065 3376 1168 3457 potest
1193 3375 1225 3440 iu
1248 3375 1401 3442 alterutra

155 3478 314 3561 paroecia,
346 3476 512 3544 dummodo
544 3476 576 3543 iu
606 3480 737 3561 utraque
766 3478 881 3544 habeat
913 3478 1148 3545 habitationem.
1194 3481 1238 3545 rt
1266 3498 1327 3546 nou
1353 3482 1402 3547 eet

158 3582 363 3649 necessarium
384 3582 463 3647 hauc
486 3581 709 3649 habitationem
732 3600 799 3649 osse
822 3583 1043 3649 mathematice
1062 3583 1234 3668 aequalem,
1259 3583 1313 3650 sod
1335 3585 1401 3650 sul·

157 3684 223 3750 licit
246 3686 347 3751 utsii
369 3684 432 3752 loro
454 3686 600 3771 aequalis.

259 3790 311 3855 29.
332 3788 364 3856 Si
384 3792 486 3874 spousi
502 3791 540 3855 ad
557 3790 694 3857 diversas
711 3792 869 3875 paroecias
883 3792 1067 3875 pertineant,
1089 3792 1149 3859 etsi
1165 3792 1399 3859 Matrimonium

156 3893 330 3960 celebretur
360 3893 460 3960 valide
493 3896 556 3960 tam
591 3913 694 3961 coram
725 3895 859 3979 parocho
892 3895 969 3976 siri,
1002 3915 1095 3980 quam
1131 3914 1234 3963 coram
1270 3898 1402 3980 parocho

156 3998 311 4078 mulieris,
338 4000 442 4065 tauron
463 3999 548 4064 iuxta
571 4000 820 4083 antiquissimam
845 4000 1096 4067 cousuetudinem
1120 4003 1242 4067 tantum
1264 4002 1402 4067 mulieris

158 4102 309 4186 parochus
338 4103 453 4187 poterit
482 4103 680 4169 Matrimonio
711 4104 798 4169 licite
826 4103 979 4171 asshtere.
1031 4104 1118 4185 Quod
1140 4106 1172 4170 iu
1195 4106 1326 4171 ecclesia
1349 4126 1403 4189 pa·

159 4206 286 4272 rochiali
309 4206 379 4293 (noc
399 4206 475 4272 alibi
498 4208 565 4273 siue
589 4210 694 4273 nostra
717 4206 856 4293 licentia)
878 4226 999 4293 semper
1021 4208 1239 4275 celebrandurn
1262 4211 1319 4279 est.

262 4381 288 4451 1)
312 4380 340 4438 S.
360 4380 389 4437 (l.
411 4381 440 4439 0.
465 4381 506 4439 10.
531 4380 594 4438 Jan.
621 4381 695 4437 1787.
724 4408 758 4420 -
783 4382 810 4449 8)
835 4381 874 4436 Ex
902 4382 982 4438 decia.
1011 4383 1038 4438 8.
1059 4382 1136 4440 (1.0.
1163 4382 1196 4438 Iu
1219 4382 1403 4453 Pampilonen.

156 4464 196 4521 18.
216 4466 397 4537 Αρι11.1885.
420 4496 454 4507 —
474 4470 502 4537 8)
520 4466 599 4524 Gouc.
618 4467 691 4523 Trid.
711 4484 774 4523 sess.
794 4467 895 4535 XXIV,
918 4470 956 4524 De
974 4469 1022 4525 rei.
1040 4469 1160 4526 Matrim.
1189 4498 1222 4510 -
1253 4468 1282 4539 4)
1302 4470 1402 4525 Beusd.

155 4552 237 4619 xlv,
253 4553 321 4609 lust.
340 4554 433 4611 eccles.
454 4554 585 4621 xxxin,
603 4572 648 4611 uu.
666 4554 721 4619 7-8,
739 4556 810 4611 ctS.
828 4553 904 4610 (1.0.
923 4556 965 4611 85.
984 4556 1046 4611 Jau.
1066 4555 1141 4613 1887.
1159 4587 1192 4597 -
1212 4558 1239 4625 5)
1258 4556 1296 4610 lix
1318 4555 1400 4613 decis.

156 4640 182 4693 8.
201 4638 229 4694 O.
245 4638 275 4695 0.
292 4639 334 4696 26.
353 4641 416 4697 Juu.
435 4640 509 4707 1836,
528 4644 557 4696 et
574 4642 614 4697 14.
629 4640 696 4696 Maii
717 4640 797 4697 1881.

1621 3997 1623 4044 l

1621 4579 1623 4634 l

1621 4637 1623 4672 ι
