3275 4917
581 300 661 360 Pare
676 311 801 374 primo:
819 303 867 362 De
885 307 971 363 urea.
1330 291 1394 360 245

151 479 298 545 uirtutem
328 475 463 560 largitur
492 478 524 542 et
554 477 735 561 praemia1).
793 479 986 558 ›Ieiunium,
1021 479 1123 565 inquit
1157 486 1283 548 sanctus
1319 483 1394 548 Am·

150 582 271 648 broeine
286 585 320 664 ⁸),
345 600 427 646 mors
450 580 568 663 cnlpae,
592 580 744 647 excidium
761 583 954 660 delictorum,
980 584 1148 649 remedium
1165 586 1285 664 salutis,
1309 588 1395 653 radix

151 686 283 771 gratiae,
306 685 542 750 tundamentum
565 688 614 750 eet
634 687 823 755 castitatis«
857 686 1007 769 Quocirca
1025 689 1151 771 parochi
1168 689 1393 774 identidempo·

151 791 223 873 pulc
246 788 409 872 explanent
438 788 513 872 quid
542 787 651 855 ieiunii
673 796 817 873 exposcat
845 790 1012 875 obligatio,
1044 795 1110 857 tum
1141 793 1240 876 quoad
1271 795 1394 860 unicam

151 896 182 960 in
216 893 267 959 die
297 893 533 972 comestionem,
566 896 634 959 turn
667 895 767 978 quoad
799 895 1022 961 abstinentiam
1058 915 1076 960 a
1109 897 1187 962 cibis
1220 898 1394 981 prohibitis.

154 997 269 1064 Diebus
299 1000 404 1062 eutem
434 996 596 1062 dominicis
625 1000 812 1064 annuntient
842 999 958 1065 ieiunia
989 1019 1042 1082 per
1073 1000 1281 1067 hebdomadas
1305 1004 1391 1070 rede·

151 1104 255 1180 untia,
290 1102 452 1166 hortentur
484 1121 590 1166 omnes
617 1101 656 1166 ad
678 1121 715 1168 ea
737 1103 880 1187 religiose
902 1103 1070 1182 servanda,
1107 1123 1201 1189 oeque
1234 1109 1395 1174 ostendere

150 1206 299 1270 emittant
323 1205 485 1272 violatores
506 1206 615 1271 ieiunii
637 1206 808 1273 mortaliter
835 1227 979 1291 peceare,
1010 1209 1132 1274 etiamsi
1165 1209 1239 1275 haec
1268 1211 1394 1278 violatio

150 1310 267 1393 absque
286 1309 366 1394 logie
387 1312 564 1394 contemptu
585 1310 654 1378 fiat.

252 1421 303 1491 16.
327 1424 425 1488 Nocte
445 1424 476 1487 in
502 1423 636 1489 medium
661 1427 805 1507 vergente
824 1444 903 1509 qnae
928 1425 1035 1490 leriam
1056 1425 1202 1492 Cinctum
1226 1429 1392 1511 praecedit,

149 1527 273 1610 signum
296 1545 464 1610 campanae
485 1526 594 1604 detur,
625 1546 686 1611 quo
714 1527 821 1594 fideles
852 1531 1034 1594 moneantur
1057 1530 1094 1595 de
1117 1531 1394 1615 quadragesimalis

148 1631 256 1696 ieiunii
279 1630 369 1695 initio
393 1630 491 1714 deque
515 1631 751 1697 bacchanalium
775 1633 954 1697 cessatione.

255 1743 304 1809 17.
329 1743 396 1807 Hoc
417 1761 487 1807 raro
511 1743 659 1808 ieiunium
679 1744 805 1826 parochi
828 1746 1025 1828 promulgent
1049 1744 1212 1812 Dominiea
1231 1747 1391 1832 Quinqua-

151 1845 298 1930 geeimae,
319 1849 350 1912 et
372 1865 557 1929 magnopere
581 1847 744 1912 hortentur
766 1846 874 1912 fideles
896 1848 949 1932 qui
973 1851 1128 1914 statutam
1152 1851 1255 1917 animo
1280 1852 1395 1918 habent

150 1950 413 2035 quadragesimali
436 1952 483 2015 nti
506 1950 637 2028 indulto,
659 1955 694 2015 ut
709 1971 779 2015 cum
797 1952 1014 2035 poenitentiae,
1040 1953 1196 2037 religionis
1219 1974 1254 2020 ac
1271 1956 1396 2039 pietatis

149 2054 293 2139 operibus
326 2054 403 2119 illud
435 2058 652 2138 compensent,
687 2057 930 2140 praesertimque
964 2057 1126 2122 eeclesiam
1160 2055 1393 2143 frequentando,

149 2161 344 2225 sacrosancto
367 2159 481 2223 Missae
500 2158 652 2224 sacrificio
671 2160 861 2239 assistendo,
886 2161 1084 2226 Sacramenta
1105 2163 1295 2246 recipiendo,
1319 2184 1395 2248 pau·

149 2263 273 2346 peribus
295 2265 407 2346 stipem
430 2263 584 2346 erogando
607 2266 638 2328 ei
660 2262 785 2329 uerbum
803 2262 860 2328 Dei
876 2264 1036 2331 audiendo.
1068 2267 1182 2332 Deinde
1198 2269 1393 2350 subnectant,

154 2366 276 2433 »fideles
298 2368 351 2451 qui
375 2368 492 2433 ratione
515 2367 663 2433 aetatatie
685 2368 734 2432 vel
757 2367 871 2432 laboris
894 2369 1032 2435 ieiunare
1054 2373 1284 2452 necterentur,
1308 2373 1394 2438 licite

150 2490 238 2554 poese
259 2470 292 2536 in
310 2470 565 2554 Quadragesima,
588 2491 658 2536 cum
683 2472 839 2538 indultum
855 2491 1031 2538 concessum
1048 2477 1104 2554 est,
1128 2476 1270 2541 omnibns
1286 2477 1394 2542 diebus

152 2575 272 2641 indulto
294 2575 521 2658 compreheneie
537 2577 618 2640 uesci
634 2575 778 2642 carnibus
794 2580 850 2641 aut
865 2577 1030 2656 lacticinia,
1054 2598 1106 2662 per
1123 2579 1203 2645 idem
1219 2580 1393 2660 indultum

150 2679 271 2763 quoties
304 2698 357 2762 per
388 2679 470 2744 diem
499 2678 662 2765 edunt⁸).«
708 2681 875 2746 Praeterea
908 2681 1083 2765 significent
1119 2701 1169 2748 eos
1201 2703 1307 2750 omnes
1341 2686 1394 2770 qui

148 2782 337 2867 obligatione
360 2782 467 2848 ieiunii
488 2783 664 2864 solvuntur,
696 2803 755 2851 uon
787 2785 865 2851 selei
891 2785 1015 2868 quidem
1045 2786 1112 2870 legs
1142 2807 1221 2872 quae
1249 2792 1335 2854 vetat
1362 2790 1391 2854 in

148 2887 255 2953 eadem
278 2887 463 2953 comestione
485 2887 613 2953 miscere
636 2889 734 2972 pisces
756 2908 828 2954 cum
851 2909 941 2954 carne
965 2891 1073 2957 diebus
1097 2891 1204 2956 ieiunii
1213 2892 1248 2976 ¹).

255 3009 303 3076 18.
328 3008 479 3090 Quoniam
503 3029 573 3075 vero
594 3010 742 3076 ecclesiae
765 3015 929 3095 praecepta
953 3031 1073 3078 serrare
1091 3031 1148 3078 non
1165 3015 1306 3079 tenemur
1323 3034 1392 3082 cum

149 3112 236 3198 gravi
259 3114 468 3191 incommodo,
496 3131 587 3196 saepe
616 3113 771 3199 contingit
800 3118 837 3181 ut
864 3115 960 3198 aliqui
991 3116 1059 3200 lege
1094 3117 1199 3181 ieiunii
1223 3118 1393 3186 solvantur.

149 3216 227 3283 Cum
250 3219 354 3282 antero
377 3237 466 3283 nemo
489 3218 531 3282 sit
554 3218 644 3283 iudex
666 3219 698 3282 in
721 3237 815 3283 cauea
839 3220 977 3303 propria,
1009 3221 1148 3303 quiequie
1178 3223 1337 3286 existimat
1361 3242 1394 3287 ee

147 3339 183 3385 ex
205 3321 363 3404 praedicta
385 3322 454 3406 lege
476 3323 651 3405 exemptum
673 3341 750 3398 esse,
772 3342 810 3386 ne
833 3323 865 3387 in
886 3342 917 3388 re
938 3325 1018 3388 tanti
1042 3326 1188 3390 momenti
1209 3325 1391 3409 decipiatur,

149 3426 304 3509 proprium
326 3427 492 3509 paroehum
514 3428 570 3490 aut
591 3425 811 3492 confessarium
835 3427 936 3493 adeat.
970 3429 1100 3493 Parochi
1117 3429 1198 3494 enim
1216 3449 1250 3495 ex
1266 3436 1393 3514 recepta

148 3530 368 3595 consuetudine
403 3532 434 3595 ei
470 3531 566 3596 tacita
599 3531 775 3613 praesulum
810 3533 1010 3614 permissione
1047 3537 1231 3616 potestatem
1268 3535 1394 3613 babent,

147 3653 241 3717 quarn
265 3653 403 3699 exercere
426 3640 554 3718 possunt
575 3635 670 3700 etiam
694 3655 747 3718 per
763 3636 860 3702 aliurn
877 3637 1121 3703 ecclesiasticum
1140 3639 1248 3717 virum,
1273 3639 1393 3722 aliquos

148 3755 219 3800 enos
242 3738 400 3816 subditos,
431 3758 491 3804 non
515 3742 618 3804 autem
644 3740 800 3806 unirereos
824 3743 930 3806 ieiunii
954 3742 1163 3825 obligatione,
1194 3743 1278 3808 iusta
1307 3743 1395 3808 eniti-

148 3840 301 3925 cientique
323 3842 361 3907 de
385 3862 489 3921 causa,
511 3843 656 3909 soluendi.
694 3843 905 3910 Oenieesariue
928 3863 1007 3924 vero,
1030 3866 1217 3930 quamquam
1241 3867 1337 3931 neque
1358 3867 1394 3913 ex

148 3945 214 4010 iure
238 3964 335 4030 neque
358 3967 394 4012 ex
416 3949 636 4014 consuetudine
656 3949 847 4033 praedictam
871 3951 1056 4034 potestatem
1083 3951 1206 4028 babeat,
1228 3953 1334 4016 mmen
1357 3954 1394 4016 nt

147 4049 288 4116 inderet
310 4050 417 4116 doctor
438 4051 597 4118 declarare
621 4057 722 4136 potest
744 4053 775 4117 in
799 4055 865 4119 loro
880 4055 1087 4121 conscientiae
1102 4073 1173 4119 suos
1190 4055 1391 4137 poenitentes,

146 4153 349 4220 consideratis
368 4155 540 4233 adiunctis,
568 4157 606 4221 ad
639 4157 745 4222 ieiunii
769 4161 966 4242 praeceptum
990 4178 1047 4224 non
1068 4159 1212 4242 obligari.
1260 4158 1392 4224 Paroehi

146 4262 250 4323 autem
273 4261 304 4324 in
328 4259 384 4325 illa
407 4262 604 4343 permissione
627 4263 822 4328 concedenda
839 4282 898 4327 non
914 4262 1140 4329 inconsiderate
1156 4262 1313 4341 festinent,
1336 4264 1390 4327 eed

146 4363 225 4428 serio
249 4364 438 4448 perpendant
460 4368 564 4431 utrum
588 4384 681 4430 causa
700 4367 739 4431 ob
761 4385 853 4450 quam
872 4386 906 4432 ex
922 4367 1029 4432 ieiunii
1045 4367 1115 4451 lege
1129 4368 1199 4452 quia
1214 4371 1388 4451 exemptum

251 4574 277 4640 l)
294 4573 382 4629 Praei.
402 4574 639 4646 quadragesimae.
662 4603 696 4613 -
717 4575 745 4645 a)
765 4577 805 4631 De
827 4577 906 4634 Helia
929 4579 957 4632 et
979 4576 1065 4632 leiun.
1088 4603 1122 4616 -
1144 4577 1172 4646 3)
1196 4576 1222 4630 S.
1243 4576 1387 4632 Paeniten-

144 4659 236 4726 tieria,
252 4659 296 4717 die
315 4660 356 4717 16.
373 4661 435 4718 Jan.
455 4661 531 4717 1884.
549 4691 583 4702 —
599 4663 628 4731 4)
648 4662 748 4719 aenea
767 4663 848 4730 nv..
871 4662 963 4719 (louet.
981 4665 1053 4720 Nora
1070 4666 1267 4738 ambigimus.
