3275 4917
265 287 329 355 246
515 305 659 375 &praedm
679 299 882 362 Pistor-tenete
899 311 929 362 et
948 297 1110 361 Promea
1127 323 1156 362 n.
1174 301 1259 363 18⁰2.

264 498 298 546 sa
325 478 497 556 existimat,
526 477 684 544 sufficiens
710 477 754 542 sit
783 497 839 542 uec
868 495 924 555 ue;
955 497 1031 561 quos
1060 496 1130 543 uero
1162 477 1221 543 hac
1250 479 1318 563 lage
1348 479 1510 545 solvendos
1624 463 1625 466 ¹

265 585 418 659 duxerint,
442 584 604 648 hormntur
626 585 661 648 ut
682 583 805 648 diuinas
829 582 968 648 iustitiae
989 581 1060 648 eliis
1083 583 1208 666 pietatis
1223 584 1367 666 operibus
1381 582 1508 649 sanna-

264 688 359 755 ciaut.
407 689 535 753 Parochi
557 690 662 752 summ
685 689 738 771 qui
762 688 937 751 huiusmodi
963 688 1113 752 facultate
1144 707 1197 770 pro
1225 687 1336 771 seipsis
1357 687 1509 772 indigent,

265 794 302 858 ut
323 811 391 858 eam
414 793 598 876 impetrent,
633 791 680 856 vel
708 791 864 876 proprium
897 792 1045 857 ricarium
1073 792 1233 856 lorauenm
1258 792 1307 857 rel
1330 791 1509 858 viciniorem

264 897 378 964 adeant
401 897 577 981 parochum.
616 896 652 960 lu
674 900 804 981 utraque
827 915 897 961 sero
920 898 995 961 urbe
1017 897 1177 961 licentiam
1201 897 1239 960 de
1261 915 1322 980 qua
1345 897 1509 980 loquimur,

264 1002 392 1069 obtenta
413 1001 499 1085 prius
521 999 633 1067 numici
655 1000 884 1080 testificatione,
909 1000 982 1066 dara
1006 1003 1153 1084 potarunt
1174 1003 1271 1068 etiam
1294 1003 1435 1068 mnouici
1450 1003 1509 1067 hic·

264 1105 428 1172 clesisrnm
451 1105 687 1186 cathedralium,
710 1104 876 1170 dummodo
897 1107 1002 1171 nmen
1024 1107 1090 1172 sint
1113 1106 1150 1171 ad
1173 1106 1381 1172 sacerdotium
1398 1107 1508 1174 avecti.

370 1211 421 1276 19.
444 1209 505 1276 Sed
526 1208 671 1295 quoniam
695 1209 861 1294 aliquando
876 1211 916 1274 cb
932 1209 1060 1275 nimiam
1077 1210 1263 1277 medicorum
1279 1210 1508 1296 indulgentiam

264 1315 419 1400 contingit
441 1316 477 1380 ut
499 1314 614 1399 absque
636 1313 720 1380 iusta
742 1333 836 1379 causa
862 1315 1070 1381 concedantur
1096 1314 1242 1382 licentias
1269 1315 1410 1382 vacandi
1432 1315 1510 1381 cibis

265 1419 437 1503 prohibitis,
460 1439 511 1485 eos
534 1438 694 1484 monemus
717 1421 763 1499 ut,
785 1439 824 1485 ue
847 1419 1001 1503 propriam
1023 1422 1151 1485 onerent
1173 1420 1395 1486 censcientiam
1411 1439 1508 1504 neque
1624 1427 1625 1440 ¹

264 1525 394 1592 alterius
415 1525 610 1609 peccatorum
633 1524 800 1608 participas
822 1523 916 1601 fiant,
945 1527 1111 1608 aumqnam
1144 1525 1199 1590 bac
1230 1524 1268 1589 de
1297 1544 1329 1590 re
1357 1523 1508 1590 testifica-

264 1631 364 1695 tiones
398 1629 533 1702 faciant,
564 1627 702 1695 studiose
736 1628 897 1712 inquirant
930 1630 1035 1694 utrum
1066 1629 1089 1693 ii
1120 1627 1173 1712 ciui
1206 1629 1278 1696 illas
1301 1629 1508 1714 expostulant,

265 1737 378 1800 iustam
399 1733 666 1817 sufficientemque
687 1733 823 1825 babeant
837 1752 961 1798 caumm
979 1753 1034 1798 uec
1053 1753 1089 1798 na
1104 1733 1383 1818 quadragesimalis
1400 1731 1507 1798 ieiunii
1624 1735 1625 1750 *

266 1857 325 1904 uon
347 1837 502 1905 seruandi.
1624 1905 1625 1916 ,

368 1944 420 2008 20.
457 1942 663 2008 parochorum
685 1944 809 2026 iusuper
829 1961 864 2007 ac
887 1943 1142 2008 confessariorum
1165 1943 1224 2008 erit
1248 1942 1449 2025 parochianos
1471 1960 1509 2008 ac
1624 1927 1625 2022 J

267 2048 457 2131 poenitentes
485 2066 557 2112 snos
586 2046 665 2111 serio
695 2067 888 2112 commouere
918 2049 1078 2113 obtentam
1102 2047 1259 2113 licentiam
1282 2046 1506 2113 conservandi

264 2152 542 2236 quadragesimalis
564 2150 673 2215 ieiunii
695 2151 816 2216 irritam
839 2151 964 2235 quidem
979 2171 1056 2229 esse,
1079 2171 1191 2236 eosque
1206 2155 1291 2218 tutos
1308 2171 1366 2217 uon
1382 2151 1508 2217 reddere

264 2275 367 2321 coram
391 2256 533 2320 districte
558 2254 615 2319 Dei
636 2255 800 2331 tribunali,
832 2257 859 2320 si
889 2256 992 2322 minus
1019 2274 1105 2322 ueras
1135 2277 1189 2322 sen
1219 2257 1321 2341 potius
1349 2259 1439 2322 lictae
1461 2255 1509 2320 in·

264 2359 372 2425 firmae
395 2359 583 2426 valetudinis
605 2360 769 2424 attulerint
792 2378 913 2428 causas.

367 2465 420 2532 21.
444 2465 573 2548 insuper
594 2465 688 2530 iidem
712 2466 835 2547 parochi
853 2475 946 2550 utque
962 2466 1137 2556 confessarii
1155 2466 1297 2532 omnibns
1313 2465 1508 2549 parochianis

265 2572 297 2634 et
320 2569 547 2652 poenitentibus
571 2570 696 2634 innuere
722 2588 780 2635 uon
803 2571 966 2647 omittant,
995 2590 1013 2634 s
1042 2572 1209 2636 sanctitate
1232 2570 1506 2654 Quadragesimaa,
1624 2559 1625 2580 ¹

263 2691 357 2758 qnam
390 2671 539 2737 Dominus
568 2676 672 2738 uester
700 2673 794 2739 Jcsns
817 2674 960 2739 Christus
991 2693 1046 2739 sno
1076 2693 1250 2740 consecrare
1279 2675 1427 2760 diguatus
1459 2677 1507 2738 ast

265 2777 390 2851 ieiunio,
417 2775 505 2841 raldo
528 2776 693 2841 abhorrere
716 2777 858 2859 profanos
881 2781 986 2844 coetus
1007 2779 1092 2843 obire
1114 2782 1146 2844 et
1166 2780 1247 2844 ludis
1270 2780 1399 2863 aliisque
1422 2779 1508 2843 sanis

264 2880 502 2947 oblectamentis
520 2900 644 2964 operam
668 2882 757 2960 dare,
794 2887 888 2966 atque
921 2882 997 2946 baec
1030 2885 1135 2948 omnia
1171 2882 1308 2968 aliosque
1330 2882 1508 2948 huiusmodi
1624 2877 1625 2900 ¹

264 2987 388 3063 abusus,
411 2988 563 3071 quantum
586 2987 652 3051 lieri
675 2989 786 3068 potest,
808 2987 957 3069 impedire
978 2991 1071 3071 atque
1094 2989 1214 3052 auferre
1238 2989 1423 3073 nitanturl).
1624 3061 1625 3080 χ

367 3091 418 3156 22.
439 3089 584 3156 Ceterum
609 3091 763 3156 llcclesiae
786 3091 937 3175 praecipit
957 3095 992 3156 ut
1012 3112 1030 3155 a
1053 3092 1197 3158 minibus
1220 3092 1430 3158 abstineamus
1448 3111 1506 3158 ucu
1624 3105 1625 3162 ἶ

263 3195 363 3261 solum
385 3195 493 3261 diebus
515 3196 639 3275 ieiunii,
670 3195 724 3260 sed
752 3196 848 3262 etiam
870 3215 992 3280 quaque
1020 3195 1097 3262 teria
1119 3200 1203 3263 serta
1225 3201 1259 3262 et
1279 3197 1413 3281 singulis
1435 3197 1507 3261 aab·

264 3300 356 3366 batis.
389 3300 493 3384 Atque
515 3299 554 3364 ad
579 3301 760 3366 servandam
781 3302 860 3365 hauc
876 3300 1079 3366 iustissimam
1097 3300 1206 3383 legem,
1231 3321 1310 3384 quae
1327 3303 1508 3384 perantiqua

264 3408 321 3480 est,
344 3405 532 3488 obligantur,
555 3406 587 3468 et
609 3405 733 3488 quidem
755 3405 813 3469 sub
837 3406 935 3488 gravi,
959 3424 1065 3471 omnes
1089 3405 1194 3470 fideles
1215 3409 1376 3490 postquam
1401 3405 1440 3470 ad
1458 3425 1507 3470 ra·
1624 3427 1625 3490 j

264 3508 358 3572 tionis
381 3528 471 3573 usum
496 3508 696 3590 pervenerint,
721 3508 780 3572 uisi
803 3510 890 3592 graui
914 3509 952 3575 (la
972 3529 1066 3575 causa
1088 3513 1279 3575 excusentur.
1319 3509 1434 3575 Contra
1455 3528 1507 3574 eos

265 3614 369 3675 autem
399 3612 451 3695 qui
481 3613 559 3676 hauc
588 3612 690 3696 legem
720 3617 921 3679 contemnunt
951 3616 1044 3698 atque
1081 3613 1273 3697 impudenter
1301 3614 1507 3698 perfringunt,

264 3733 392 3798 quorum
417 3735 560 3780 numerus
584 3717 641 3783 hoc
663 3718 845 3784 calamitoso
868 3737 941 3784 aeno
965 3718 1054 3802 (proh
1079 3718 1165 3784 dolor
1175 3719 1197 3802 l)
1217 3719 1361 3794 excrevit,
1384 3719 1506 3784 auima-
1624 3789 1625 3802 ,

264 3839 332 3884 rum
367 3823 525 3886 curatores
559 3823 592 3886 et
625 3824 853 3890 concionatores
887 3825 992 3889 crabro
1026 3823 1088 3888 nnn
1122 3824 1277 3907 praecepti
1310 3823 1509 3906 eiusdemque
1624 3803 1625 3892 l

262 3925 432 3990 servandas
453 3925 653 4009 obligationis
678 3927 775 3992 firmis
797 3927 962 3994 ostendant
985 3928 1188 4011 argumentis.

537 4099 620 4167 Para
641 4101 799 4167 mecedo:
821 4100 873 4166 Dc
897 4102 1105 4169 succensentis
1128 4153 1135 4168 .
1160 4153 1167 4168 .
1192 4153 1199 4169 .
1225 4151 1232 4167 .

558 4230 635 4314 θαι).
658 4229 689 4297 Ι.
730 4230 781 4297 De
802 4235 1012 4298 sacramentis
1033 4234 1070 4298 ia
1089 4253 1211 4316 ymera.

369 4361 397 4425 1.
429 4361 506 4425 Cum
531 4364 620 4426 tanta
642 4361 685 4425 sit
704 4362 863 4426 hominnm
888 4362 1010 4428 malitia
1032 4365 1068 4428 ut
1091 4383 1127 4427 aa
1147 4382 1225 4445 qnae
1246 4363 1339 4430 Jeeus
1363 4361 1509 4426 Christus
1624 4381 1625 4410 ³

263 4461 303 4526 sd
326 4469 463 4528 nostram
485 4464 617 4529 salutm
640 4465 840 4542 instituitis
865 4467 1016 4550 propriam
1040 4469 1160 4532 ruinam
1183 4470 1361 4534 convertere
1377 4465 1505 4551 possint,
1624 4451 1625 4528 ἶ

368 4662 395 4731 1)
413 4661 514 4734 synodi
530 4663 675 4720 Pistoriae.
694 4667 723 4719 et
740 4664 851 4721 Prsteu.
870 4664 1024 4722 Columbini
1042 4667 1138 4736 Bassii,
1155 4685 1212 4738 par.
1232 4667 1253 4736 l,
1272 4668 1316 4724 tit
1336 4670 1378 4726 15.
