3275 4917
232 265 297 332 242
484 284 627 355 Serendae
648 283 850 340 Platoricnrtr
869 291 898 340 et
920 284 1079 340 Prolem
1097 299 1126 339 a.
1146 283 1226 338 1892.

231 458 319 524 iuxta
347 477 473 542 parvum
504 457 727 523 catechismum
758 456 811 542 qni
842 457 1041 523 inscribitur:
1076 456 1226 524 vuarim
1253 458 1410 524 melana
1430 456 1476 524 aa

230 584 287 630 rrae
308 563 388 628 delle
409 561 512 628 accole
531 562 593 644 pie.
635 562 694 627 Pro
722 561 870 644 ampliore
900 580 971 626 vero
1000 560 1251 626 christifidelium
1279 560 1476 626 institutione

233 666 358 749 parochi
382 685 453 748 prae
476 666 619 730 manibus
642 666 777 730 babeant
800 665 1031 730 catechismum
1064 683 1243 742 romanam,
1273 665 1325 749 qui
1357 684 1393 729 ex
1422 664 1475 730 de·

232 775 317 836 creto
337 769 536 835 Tridentinae
559 768 674 854 Synodi
694 772 728 833 et
745 769 832 834 iussn
855 770 953 834 sancti
978 769 1027 834 Pii
1046 769 1080 835 V.
1106 768 1144 834 ad
1166 768 1370 852 parochorum
1386 787 1475 852 prae·

232 875 340 940 sertim
374 893 464 939 usum
496 874 598 940 editus
631 875 706 951 luit,
738 876 770 938 et
804 872 915 939 deiude
945 872 1145 939 aclemeute
1166 873 1254 940 Xlll,
1281 891 1475 956 summopere

233 980 482 1058 commendatus,
514 981 674 1063 tamquam
707 977 879 1043 subsidium
908 977 1202 1061 opportunissimum
1233 978 1271 1042 ud
1296 997 1400 1042 veram
1423 996 1472 1043 sa·

233 1102 364 1168 namque
398 1084 570 1149 doctrinam
603 1081 833 1167 propagandam
870 1101 906 1146 ae
939 1081 1191 1166 praeficiendam.
1239 1081 1307 1164 Qua
1333 1081 1477 1146 methodo

233 1192 337 1252 autem
374 1186 515 1253 doctrina
549 1187 718 1252 christiana
757 1187 875 1252 adultis
908 1187 1060 1251 tradenda
1094 1185 1156 1262 sit,
1196 1185 1284 1251 docet
1319 1185 1478 1268 praelatus

234 1292 377 1357 Clemens
398 1291 504 1370 Xlll.,
535 1292 672 1356 scribens
687 1296 731 1363 ll:
765 1291 851 1356 »Nec
882 1311 935 1374 per
964 1290 1049 1356 iuria
1069 1289 1227 1356 ducendae
1251 1293 1323 1356 sunt
1343 1309 1413 1356 oves
1435 1289 1475 1354 ad

233 1415 356 1480 pascrra,
380 1415 435 1461 nec
454 1395 627 1480 singularia
648 1396 799 1478 quaedam
824 1395 917 1460 etiam
941 1395 1163 1460 catholicorum
1184 1393 1343 1460 docturum
1362 1395 1476 1478 placita

233 1501 272 1564 iis
302 1502 375 1564 suut
402 1499 613 1583 proponenda,
647 1499 702 1565 sed
733 1499 787 1563 illa
823 1499 997 1564 certissima
1031 1497 1202 1564 catholicae
1233 1498 1374 1564 veritatis
1405 1501 1478 1564 uota

232 1603 384 1669 tradenda
405 1608 463 1679 est,
486 1603 644 1668 doctrinae
665 1603 860 1678 universitas,
886 1601 1058 1686 antiquitas
1074 1605 1105 1668 et
1119 1603 1287 1668 consensio.
1311 1603 1475 1668 Praeterea

233 1727 304 1774 cum
328 1727 385 1773 uon
408 1708 505 1791 possit
526 1708 640 1792 uulgus
663 1707 702 1772 ud
727 1711 862 1773 montem
886 1708 1103 1791 ascenderell,
1125 1706 1156 1770 in
1178 1726 1268 1791 quern
1293 1705 1393 1789 gloria
1417 1707 1476 1770 llo·

233 1812 309 1877 mini
333 1813 502 1889 descendit,
524 1815 557 1877 et
579 1812 778 1878 transcendes
799 1810 949 1878 terminos
969 1812 1008 1874 ad
1025 1810 1189 1876 videndum
1207 1810 1329 1894 peribit,
1353 1811 1477 1875 termini

234 1915 349 2000 ligendi
377 1918 450 1981 sunt
473 1917 585 2000 populo
607 1916 646 1980 ab
669 1917 735 1981 eius
758 1915 935 1982 doctoribus
967 1935 1019 1998 per
1049 1915 1232 1994 circuitum,
1265 1919 1299 1979 ut
1330 1915 1414 1980 ultra
1442 1933 1477 1980 aa

231 2011 311 2105 uuae
334 2023 406 2086 suut
430 2018 624 2086 adsalutem
648 2023 820 2086 necessaria
842 2023 898 2084 aut
927 2039 1119 2104 summopere
1147 2019 1256 2098 utilia,
1285 2037 1387 2084 sermo
1418 2037 1476 2084 non

234 2126 428 2209 divagetur«

494 2247 571 2330 θαι).
599 2248 633 2313 V.
669 2247 721 2313 De
739 2249 918 2328 praeceptis
940 2247 993 2312 dei
1015 2253 1043 2313 et
1064 2245 1220 2314 ecolesma.

340 2385 369 2450 1.
408 2385 523 2452 Omnes
553 2384 770 2450 christifideles
793 2387 955 2462 tenentur,
987 2387 1022 2450 ut
1050 2383 1184 2450 diximus
1215 2403 1281 2467 cap.
1306 2384 1336 2449 ll
1361 2384 1394 2450 et
1418 2383 1476 2462 Ill,

233 2489 325 2554 tidem
348 2490 491 2574 operibus
514 2490 681 2557 ostendere.
729 2490 896 2572 Praecipue
919 2492 1023 2554 autem
1047 2507 1085 2554 ea
1107 2488 1282 2572 peragenda
1305 2492 1378 2553 sunt
1399 2507 1478 2572 quae

236 2593 318 2658 Deus
347 2598 379 2658 et
412 2595 550 2659 Ecclesia
581 2593 782 2677 praecipiunt.
839 2593 1044 2659 statuendum
1078 2596 1126 2658 est
1158 2593 1256 2678 igitur
1287 2593 1405 2678 aliquid
1440 2591 1479 2658 de

235 2697 405 2780 praeceptis
430 2697 485 2762 Dei
511 2699 542 2764 et
566 2699 730 2764 Ecclesiae.

341 2802 371 2866 2.
399 2802 486 2884 Quod
511 2802 550 2866 ad
573 2805 737 2886 praecepta
761 2803 817 2866 Del
841 2804 964 2879 attinet,
988 2801 1112 2885 parochi
1137 2804 1168 2867 et
1191 2803 1419 2868 concionatores
1442 2821 1478 2868 ea

234 2907 345 2991 populo
370 2905 536 2972 identidem
560 2907 852 2990 accurab'ssimeque
874 2909 1036 2988 exponant,
1058 2909 1093 2971 ut
1116 2907 1225 2985 diseat,
1255 2908 1337 2972 sicut
1360 2906 1477 2972 dictum

233 3016 282 3076 est
304 3012 406 3094 capite
427 3012 597 3094 superiore,
620 3011 693 3095 quid
718 3010 909 3088 laciendum,
933 3010 1154 3096 fugiendumve
1176 3012 1228 3076 sit.
1277 3011 1478 3096 Frequentius

235 3137 305 3182 vero
329 3116 508 3200 largiusque
531 3135 567 3179 ea
590 3116 754 3198 explanent
776 3135 855 3200 quae
870 3117 991 3198 saepius
1009 3115 1248 3200 perfringuntur.
1278 3115 1318 3180 lit
1333 3116 1478 3198 qnoniam

235 3223 320 3304 (proh
346 3220 464 3304 dolorl)
493 3222 663 3285 secundum
688 3239 723 3286 ex
746 3221 794 3284 bis
817 3221 988 3303 praeceptis
1010 3220 1072 3284 lere
1095 3220 1207 3303 ubique
1230 3220 1262 3284 et
1284 3239 1303 3284 a
1326 3219 1477 3302 plurimis,

234 3324 472 3391 adolescentulis
497 3344 556 3389 non
578 3326 731 3407 exceptis,
756 3325 1023 3406 impudentissime
1044 3324 1252 3406 perrumpitur
1274 3323 1478 3407 blasphemia,

234 3431 292 3495 hoc
315 3429 500 3494 exsecrabile
523 3429 651 3506 vitium,
683 3431 806 3511 propter
834 3426 913 3510 qnod
946 3427 1030 3493 venit
1051 3427 1097 3491 ira
1123 3426 1178 3491 Dei
1202 3446 1293 3510 super
1316 3431 1424 3512 gentes
1447 3431 1479 3492 et

235 3534 382 3609 nationes,
407 3532 517 3596 validis
540 3532 733 3614 argumentis
756 3533 891 3611 arguant
915 3531 1172 3615 insectenturque,
1205 3537 1239 3597 ut
1260 3531 1292 3595 iu
1313 3531 1478 3608 internum,

234 3637 315 3701 unde
338 3637 442 3712 exivit,
466 3636 659 3703 detrudatur.
703 3635 743 3700 Ut
766 3638 870 3700 aulem
895 3635 946 3701 hic
969 3635 1038 3700 duis
1061 3635 1183 3700 facilius
1206 3637 1394 3710 obtineatur,
1419 3655 1479 3701 nou

234 3739 382 3805 omittant
402 3741 613 3804 demonstrare
639 3740 678 3804 iis
708 3739 803 3805 etiarn
831 3738 1071 3805 adlaborandum
1104 3758 1171 3806 esse
1198 3741 1250 3822 qui
1283 3741 1338 3806 boc
1365 3740 1481 3805 scelere

234 3848 357 3919 vacant,
381 3845 514 3909 maxime
539 3844 733 3928 blasphemos
758 3844 908 3909 rnoneudo
931 3843 1155 3928 arguendoque.
1195 3843 1381 3911 confessarii
1410 3861 1480 3908 vero

235 3949 519 4016 consuetudinarios
549 3951 581 4014 et
616 3948 765 4014 recidivus
797 3947 990 4031 gravissimis
1019 3948 1118 4014 verbis
1149 3951 1325 4033 corrigant,
1355 3952 1480 4014 tantum

235 4055 295 4119 rite
317 4054 475 4138 dispositis
495 4054 717 4120 absolutionem
742 4052 934 4136 impertiant,
959 4055 990 4119 et
1007 4055 1212 4135 poenitentias
1227 4052 1387 4136 imponant
1402 4071 1481 4135 quae

234 4159 299 4224 sint
321 4161 416 4225 etiam
440 4158 648 4232 medicinales,
673 4163 709 4222 ut
731 4157 779 4221 illi
801 4161 965 4240 emergant
984 4156 1150 4240 aliquando
1165 4176 1181 4221 e
1197 4156 1312 4222 diaboli
1329 4158 1481 4222 servitute

234 4265 267 4328 et
287 4263 325 4326 ad
351 4263 460 4328 bonam
480 4263 601 4347 frugem
626 4281 659 4326 se
682 4262 842 4345 recipiant.

339 4369 368 4431 3.
394 4367 560 4432 Praeterea
583 4367 652 4451 piae
674 4367 838 4432 societates
858 4384 937 4448 quae
960 4383 1080 4430 omnem
1105 4383 1221 4442 curam,
1249 4383 1383 4448 operam,
1409 4363 1481 4429 dili·

235 4469 434 4555 gentiamque
455 4490 544 4536 auum
567 4472 598 4538 in
619 4469 810 4554 blasphemia
831 4469 1015 4552 extirpanda
1036 4472 1172 4552 ponunt,
1202 4469 1235 4532 in
1264 4469 1404 4553 qnalibet
1425 4487 1481 4553 pa-

341 4643 367 4713 l)
386 4644 456 4699 lbid.
475 4673 510 4683 -
527 4645 555 4713 2)
575 4646 655 4704 llxod.
674 4647 751 4712 XIX,
771 4647 812 4701 11.
