3275 4917
245 214 309 283 426
351 229 535 303 Sdpmatllcr,
559 230 765 303 Deea'pnuflon
782 230 835 287 dea
853 224 1056 301 Naclrtolpere
1074 228 1171 287 dna-clu
1188 227 1249 287 den
1269 228 1373 299 Paprt.

248 410 325 474 banc
342 427 429 473 suam
446 406 526 472 tueri
537 409 573 491 ¹).
609 406 728 490 Quibus
742 408 807 471 tarn
824 407 889 485 et·)
905 406 954 470 tot
970 422 1118 469 annornm
1135 404 1282 470 ecclesiae
1296 403 1509 469 consuetudo

245 516 338 597 atque
357 512 446 577 irrita
462 510 633 579 Clementis
649 510 759 577 electio
775 509 985 593 apposituri),
1010 527 1123 593 negare
1137 507 1175 595 (l)
1190 511 1296 573 tamen
1312 526 1371 572 non
1387 526 1508 591 possa,

244 615 332 702 qnia)
351 616 446 700 aliqui
470 616 500 681 id
524 615 590 681 fleri
615 633 700 699 posse
723 614 959 681 arbitrarentur.
992 612 1128 695 Quorum
1144 613 1317 697 opinionem
1332 612 1408 677 licet
1425 611 1508 695 ipse

246 724 279 787 ut
302 720 412 787 falsam
445 718 586 805 animoa)
621 718 837 805 negligendam
872 716 1014 797 duceret,
1047 721 1152 782 tamen
1186 717 1264 782 utile
1295 717 1355 782 sibi
1389 716 1502 780 uideri

244 825 453 910 quaestionem
476 824 554 889 hanc
568 823 694 889 soluere
717 825 750 888 et
774 821 992 901 declararent,
1015 826 1167 905 quatenus
1184 840 1260 906 opus
1277 820 1329 897 sit,
1353 820 1391 885 dc
1409 839 1505 884 noro

244 932 382 995 statuere
406 927 580 1012 pontificem
606 928 776 993 &manum
801 926 896 992 etiam
920 927 957 991 do
980 944 1129 993 consensu
1148 926 1285 992 omnium
1303 924 1341 991 de
1355 924 1504 1007 collegio

246 1052 305 1100 non
328 1050 415 1116 posse
437 1032 496 1099 sibi
519 1031 632 1117 eligere
654 1049 861 1097 successorem
885 1049 940 1095 uec
962 1031 1170 1096 coadiutorem
1197 1050 1266 1096 cum
1288 1029 1395 1094 futura
1416 1048 1501 1093 suc·

245 1138 389 1214 cessione,
410 1138 571 1220 propiores
585 1136 676 1220 quod,
692 1135 719 1199 si
736 1135 830 1219 [242]
846 1135 967 1220 quaudo
986 1138 1051 1201 tam
1068 1136 1205 1218 perditae
1221 1134 1335 1199 mentis
1349 1134 1499 1218 pontifex

245 1241 451 1318 inveniretur,
482 1244 516 1305 ut
548 1240 723 1305 huiusmodi
758 1239 877 1305 lacinus
900 1239 1029 1323 aggredi
1052 1239 1197 1317 auderet,
1226 1238 1315 1305 facile
1337 1257 1397 1321 qno
1419 1238 1499 1302 iure

244 1365 342 1430 quare
365 1344 478 1411 iniuria
499 1344 621 1428 collegii
644 1362 825 1409 consensum
850 1343 1012 1421 obtineret,
1041 1342 1122 1425 quod
1146 1343 1320 1409 huiusmodi
1343 1341 1497 1427 pontifice

245 1450 314 1517 rino
336 1448 468 1514 liberum
491 1448 551 1513 dici
574 1467 634 1513 non
658 1450 769 1532 posset.
809 1447 957 1513 Pontifice
981 1449 1102 1513 mortuo
1124 1452 1190 1515 tuur
1215 1447 1339 1512 demum
1361 1446 1497 1512 electio-

246 1573 316 1619 nem
340 1572 408 1619 rere
432 1552 561 1618 liberam
585 1552 646 1619 dici
668 1571 764 1637 posse.
811 1552 892 1617 Nam
915 1571 950 1617 eo
974 1553 1095 1618 virente
1125 1552 1290 1635 collegium
1319 1550 1409 1617 facile
1432 1554 1497 1615 aut

245 1658 380 1742 praemio
411 1661 467 1723 ant
497 1676 549 1740 spe
577 1660 633 1723 aut
660 1659 745 1723 metu
776 1658 832 1723 aut
861 1656 1040 1722 adulatione
1067 1656 1099 1721 in
1120 1656 1275 1739 pontificis
1297 1656 1493 1721 sententiam

245 1762 357 1829 adduci
388 1764 481 1846 atque
513 1762 558 1827 ita
583 1780 637 1845 per
660 1779 812 1826 summam
837 1760 982 1827 iniuriam
1007 1760 1220 1844 pontificatum
1243 1759 1494 1826 haereditarium

244 1866 372 1932 eradere
396 1865 597 1950 possentque
622 1865 692 1931 bino
720 1864 858 1931 schisma
887 1865 1012 1948 aliquod
1040 1865 1124 1931 oriri.
1173 1865 1280 1949 Neque
1302 1864 1383 1930 enim
1407 1866 1491 1929 reri·

245 1969 347 2035 simile
370 1988 435 2034 esse
458 1969 617 2052 pontifices
640 1972 729 2035 tanto
751 1969 858 2034 sceleri
880 1988 1064 2036 assensuros.
1110 1968 1213 2034 Solerc
1236 1969 1391 2034 interdum
1412 1988 1493 2053 pon-

245 2074 345 2139 tilices
369 2074 447 2139 bona
470 2071 758 2157 sedisapostolicae
781 2071 917 2138 alienare
939 2073 1064 2157 suisque
1083 2074 1200 2157 largiri.
1226 2074 1311 2139 Haec
1330 2076 1365 2137 ut
1380 2077 1493 2155 rara‘)

245 2179 325 2258 siut,
356 2177 422 2243 elus
453 2178 671 2243 anctoritatem
704 2176 890 2243 labefactare
920 2196 958 2242 ae
987 2178 1124 2243 minuere
1147 2177 1251 2243 conari
1273 2177 1394 2262 sibique
1413 2197 1490 2243 suc·

244 2300 394 2348 cessorem
423 2283 461 2347 ad
492 2280 655 2349 arbitrium
679 2301 792 2349 creare.
839 2280 941 2363 Quare
973 2284 1129 2348 crescente
1160 2281 1334 2347 huiusmodi
1365 2283 1493 2347 malitia

245 2386 336 2452 facile
367 2386 569 2471 cogitationes
603 2385 777 2452 huiusmodi
809 2387 840 2450 in
871 2389 1005 2452 mentem
1037 2385 1211 2451 bominibus
1244 2387 1354 2451 cadere
1387 2406 1491 2470 posse,

243 2491 355 2575 quibus
386 2490 509 2556 omnino
538 2491 659 2556 obviam
696 2490 830 2556 eundum
861 2490 1067 2557 existimabat.
1114 2489 1173 2573 Qui
1206 2508 1397 2555 successores
1426 2491 1489 2555 sibi

244 2613 347 2660 creare
370 2594 529 2673 studebat,
561 2594 671 2659 debere
694 2614 764 2659 eum
789 2595 868 2659 viros
891 2596 985 2660 bonos
1008 2594 1179 2659 cardinales
1203 2595 1316 2678 [242r]
1339 2594 1489 2678 deligere,

236 2717 349 2763 eornm
373 2697 549 2763 libertatem
572 2698 722 2763 intactam
738 2697 920 2780 relinquero,
945 2716 1014 2763 cum
1030 2698 1062 2763 in
1080 2699 1137 2764 bac
1154 2698 1349 2781 potissimum
1365 2700 1490 2765 actione

185 2834 188 2840 ·
246 2804 328 2868 Deus
351 2802 410 2867 sibl
434 2803 597 2867 maximam
622 2804 742 2885 partem
768 2802 945 2867 reservavit.

348 2924 388 2990 llt
410 2924 531 3009 quando
553 2924 775 2990 alienationum
801 2924 986 2991 mentionem
1005 2924 1121 3001 lecerit,
1145 2925 1256 3010 illnd‘)
1278 2925 1488 2990 omittendum

243 3029 303 3094 eibi
327 3029 422 3094 rideri
446 3048 479 3093 se
502 3048 560 3093 non
580 3030 723 3113 ignorare
747 3048 834 3113 posse
858 3048 1014 3094 summum
1038 3028 1214 3112 pontificem
1244 3028 1282 3093 de
1313 3029 1490 3095 redditibus

243 3132 460 3199 ecclesiasticis
490 3134 525 3197 ut
560 3132 735 3219 videaturss)
766 3134 859 3217 atque
889 3153 925 3199 ex
956 3133 995 3197 iis
1031 3132 1266 3217 consanguineis
1300 3134 1364 3199 suls
1398 3132 1489 3199 dotes

243 3237 401 3315 carricare,
424 3236 555 3320 denique
578 3256 611 3301 se
632 3239 700 3302 rivo
723 3256 777 3321 pro
799 3237 930 3302 arbitrio
950 3237 1053 3303 omnia
1068 3235 1295 3304 administrare.
1322 3237 1486 3305 Caeterum

244 3359 331 3424 posse
361 3340 519 3424 pontifices
554 3340 648 3407 etiam
683 3345 818 3407 mortuos
852 3342 912 3407 sibi
944 3341 1114 3406 dominium
1148 3330 1304 3425 usurpare.
1352 3341 1388 3407 Id
1416 3360 1487 3408 vero

244 3444 382 3527 iniquum
406 3444 464 3510 sibi
488 3444 594 3509 rideri.
639 3445 688 3510 lta
711 3445 810 3510 rnulta
834 3445 948 3529 oppida
969 3445 1122 3523 alienata,
1155 3446 1227 3510 dam
1259 3446 1359 3529 primo
1380 3464 1485 3511 eorum

245 3548 482 3627 administratio,
507 3548 616 3615 deiude
638 3550 732 3615 etiam
757 3549 926 3615 dominium
951 3549 1147 3615 transfertur.
1192 3548 1242 3615 lta
1264 3550 1322 3615 sub
1345 3550 1486 3615 ministro

243 3652 378 3718 officinm
403 3651 604 3731 distractum,
636 3674 705 3721 cnm
731 3654 898 3719 necessitas
920 3653 1034 3737 exigit,
1068 3654 1152 3719 velut
1179 3654 1311 3719 tuendae
1340 3653 1484 3720 ecclesia-

243 3757 339 3822 sticae
366 3757 493 3821 ditionis
515 3775 614 3823 causa
636 3776 722 3841 posse
744 3757 840 3823 etiam
864 3759 954 3823 urbes
976 3759 1121 3826 alienare.
1169 3758 1283 3823 Verum
1306 3758 1485 3842 largitiones

244 3861 396 3945 pontilicis
426 3860 589 3944 largientis
625 3862 719 3927 vitam
754 3863 899 3927 excedere
933 3863 1018 3929 nullo
1051 3865 1140 3946 pacto
1176 3881 1273 3947 posse.
1320 3863 1408 3929 Pauli
1431 3862 1482 3931 IV.

244 3966 546 4048 motum-proprium,
569 3966 642 4049 quia
665 3966 866 4031 alienationes
887 3968 983 4031 etlam
999 3986 1034 4031 ex
1050 3985 1145 4032 cansa
1158 3985 1288 4032 onerosa
1302 3968 1484 4034 revocaban-

242 4071 313 4150 tur,
345 4072 379 4134 ut
408 4070 500 4134 nimis
532 4070 666 4153 rigidum
698 4088 774 4135 ase
796 4070 967 4136 limitatum
992 4070 1085 4136 luisse
1111 4075 1144 4136 et
1165 4070 1204 4136 ad
1227 4071 1309 4138 viam
1335 4072 1413 4137 iuris
1434 4091 1481 4136 ro·

346 4250 373 4319 a)
390 4251 538 4307 Vielleicht
552 4251 662 4307 tametsi
673 4267 706 4306 an
719 4251 801 4307 lereu.
820 4251 849 4320 b)
868 4252 942 4307 bier:
961 4253 1113 4323 opponitur.
1134 4254 1158 4317 cl
1171 4252 1244 4309 Lice:
1263 4252 1345 4323 quod.
1369 4252 1398 4322 d)
1415 4252 1483 4307 Viol-

239 4336 450 4492 liriipgranpemino
472 4354 503 4392 arr
526 4337 608 4394 lesen.
644 4338 669 4407 e)
691 4336 748 4394 Soli
771 4340 843 4393 rrolrl
867 4342 928 4394 rata
952 4339 1066 4395 heissen.
1101 4338 1228 4407 illlelrlt
1253 4356 1314 4394 non.
1349 4338 1380 4409 g)
1402 4338 1482 4393 Foblt

346 4584 372 4654 l)
394 4585 443 4639 Die
462 4586 590 4656 lleinung
606 4602 658 4641 rou
677 4586 774 4641 Decius
793 4587 852 4655 legt
873 4588 1024 4657 eingelrend
1042 4588 1091 4643 der
1110 4592 1262 4645 flnllwcclr
1274 4605 1298 4645 a
1311 4606 1336 4644 a.
1349 4588 1379 4643 0.
1391 4588 1481 4643 asan
