3275 4917
252 197 316 265 438
500 216 643 283 Spondere
664 210 864 270 rotomensis
883 220 912 270 et
933 212 1093 270 Prolem
1111 231 1139 269 u.
1158 212 1242 270 1892.

360 390 408 454 13.
431 388 558 454 Notorie
574 386 830 453 excommunicati
845 388 878 451 et
893 386 1009 469 publici
1025 388 1209 469 peccatores,
1228 386 1323 451 etiam
1336 386 1368 451 in
1385 386 1513 451 mortis

251 493 381 560 articulo
400 492 576 569 constituti,
612 491 757 555 scandala
780 492 819 555 ab
843 489 918 574 ipsis
941 490 1032 556 illata
1056 510 1197 574 reparare
1222 492 1387 573 tenentur;
1415 508 1513 573 quae

251 598 406 682 reparatio
426 595 492 662 lieri
514 596 606 661 debet
624 613 684 679 quo
704 595 829 661 meliore
844 596 947 679 potest
964 595 1062 675 modo,
1083 594 1197 661 iudicio
1213 598 1317 661 nost-ro
1334 594 1381 661 rol
1398 593 1511 679 ipsius

252 701 429 769 confessarii
451 700 616 767 statuendo
629 698 665 785 ¹).

359 806 408 871 14.
445 804 598 870 Censurae
633 803 717 869 latae
749 804 857 869 contra
892 804 1022 869 rebelles
1055 802 1236 869 Pontificiue
1265 803 1393 868 dictioni
1421 822 1509 867 con·

253 910 419 976 trahuntur
442 909 481 974 ob
501 908 549 987 iis,
572 910 625 993 qui
648 908 679 973 in
702 907 843 973 eamdem
864 907 1059 973 rebellionem
1085 907 1255 973 formaliter
1276 926 1399 992 operam
1419 925 1506 972 con·

253 1016 392 1080 tulerunt
413 1014 501 1098 eique
524 1013 740 1079 adhaeserunt.
787 1011 834 1077 lld
860 1012 1104 1096 perspiciendum
1134 1014 1244 1078 autem
1269 1013 1302 1076 in
1331 1012 1395 1077 foro
1422 1031 1505 1076 1111-

253 1118 399 1185 111111111
421 1118 524 1201 quiin
548 1136 601 1182 eas
623 1116 805 1195 incurrerit,
836 1115 1003 1181 scrutanda
1033 1119 1081 1182 est
1102 1136 1121 1181 a
1142 1116 1326 1181 confessario
1348 1117 1504 1181 uniuscu-

252 1224 361 1307 iusque
384 1221 620 1305 couscientialt.
649 1221 750 1303 Quum
777 1238 846 1286 vero
866 1221 1069 1285 confessarius
1088 1221 1273 1304 compererit
1289 1220 1501 1304 poenitentem

255 1326 456 1393 materialiter
478 1328 602 1391 tantum
625 1324 801 1408 deliquisse,
826 1344 897 1389 eurn
920 1324 1045 1408 quidem
1067 1325 1219 1402 absolrut,
1241 1325 1295 1389 sed
1317 1327 1443 1390 moueat
1459 1325 1502 1388 de

253 1431 441 1515 obligatione
462 1448 554 1513 quam
578 1429 673 1495 babet
691 1428 830 1494 scandali
854 1428 1033 1512 reparandi,
1064 1431 1096 1494 et
1120 1428 1337 1506 iurisiurandi,
1366 1428 1393 1493 si
1416 1428 1499 1493 illud

253 1536 382 1613 dederit,
406 1532 604 1600 retractandi.
649 1533 737 1615 Quod
771 1534 875 1598 eutem
905 1535 1027 1616 spectat
1053 1533 1091 1597 ad
1121 1532 1235 1598 damna
1266 1551 1302 1598 ex
1329 1532 1501 1598 rebellione

255 1639 448 1723 Apostolicuo
469 1636 540 1703 Sedi
564 1638 664 1715 illata,
688 1640 870 1702 moneantur
893 1636 1084 1720 poenitentes
1105 1636 1247 1702 sulficere
1269 1640 1305 1701 ut
1319 1638 1423 1702 enimn
1438 1655 1498 1719 po·

252 1744 313 1811 rati
335 1745 398 1809 siut
420 1742 458 1808 ad
482 1741 684 1807 obediendum
708 1740 863 1807 mandatis
883 1740 1019 1807 eiusdem
1044 1741 1242 1825 Apostolicae
1256 1740 1345 1807 Sedis
1364 1740 1499 1824 posthac

253 1847 387 1914 ferendis
400 1847 436 1931 8).

359 1952 408 2019 15.
440 1951 499 2035 Qui
522 1950 560 2015 de
583 1950 670 2016 bonis
692 1950 839 2016 ecclesiae
863 1952 1041 2016 contractus
1066 1949 1212 2024 inierunt,
1237 1949 1277 2014 ad
1301 1949 1366 2015 Nos
1388 1968 1497 2015 recur-

253 2059 334 2135 rant,
357 2056 409 2140 qui
430 2054 633 2120 facultatibus
655 2073 675 2119 a
697 2056 806 2120 sancta
828 2052 905 2119 Sede
925 2054 1022 2120 Nobis
1042 2053 1210 2137 impertitis
1233 2073 1296 2119 rem
1314 2072 1499 2137 componere

254 2178 423 2244 possumus,
446 2158 611 2224 dummodo
627 2176 758 2236 summa,
782 2158 874 2243 vulgo
889 2158 914 2223 il
928 2158 1075 2240 capitula,
1093 2157 1132 2222 do
1147 2176 1210 2241 qua
1225 2158 1339 2241 agitur,
1359 2158 1498 2242 triginta

254 2264 353 2330 millia
375 2263 551 2330 libellorum
577 2281 635 2328 non
656 2262 793 2328 excedat.

358 2369 408 2433 16.
440 2367 624 2434 Confessarii
647 2368 750 2433 autom
775 2365 973 2432 strictissime
1000 2367 1164 2433 observent
1184 2366 1383 2433 confessionis
1404 2366 1499 2451 sigil-

253 2473 335 2549 lum3
357 2490 412 2537 uec
435 2471 552 2537 directe
575 2490 630 2537 noo
651 2470 801 2537 indirecte
825 2471 883 2536 sub
904 2470 1012 2555 quovis
1036 2472 1195 2554 praetextu
1218 2471 1344 2556 signum
1365 2470 1496 2555 aliquod

251 2578 318 2643 tum
343 2577 373 2640 iu
397 2576 465 2659 ipsa
488 2573 693 2653 confessione,
716 2579 784 2640 tum
808 2578 930 2658 postea,
962 2594 1156 2659 quocumque
1176 2575 1328 2660 temporis
1349 2576 1493 2655 decursu,

252 2682 290 2746 de
314 2678 429 2744 auditis
452 2678 483 2743 in
506 2678 693 2744 confossione
716 2678 897 2757 exhibeant,
925 2697 963 2744 ne
995 2679 1187 2763 gravissimis
1220 2680 1323 2763 poenis
1355 2700 1374 2746 1
1394 2680 1492 2746 sacris

252 2784 420 2851 canonibus
441 2782 568 2849 inflictis
591 2782 712 2849 obnoxii
735 2783 822 2848 fient.
867 2782 967 2863 Quin,
995 2784 1120 2849 etiamsi
1143 2784 1326 2850 facultatem
1349 2784 1487 2869 loquendi

253 2892 339 2955 extra
369 2886 589 2955 confessionem
619 2888 778 2971 poenitens
809 2886 891 2953 ultro
921 2888 1124 2964 concesserit,
1155 2888 1383 2972 quammaxime
1411 2889 1494 2953 relu-

252 2996 385 3069 ctentur,
410 3010 506 3077 nequo
529 3010 565 3057 ea
589 2994 726 3070 utantur,
749 2991 808 3057 nisi
832 3010 902 3056 cum
922 2990 1048 3058 maximi
1066 2993 1214 3058 momenti
1230 3011 1279 3059 res
1294 2992 1325 3058 id
1340 2996 1496 3077 exposcat,

252 3100 284 3163 et
306 3098 388 3163 idem
411 3096 571 3179 poenitens
593 3096 707 3161 iterum
730 3098 823 3179 utque
847 3095 978 3174 iterum,
1007 3099 1040 3160 et
1062 3096 1186 3179 quidem
1208 3098 1357 3181 expressis
1381 3098 1496 3176 uerbis,

252 3201 392 3268 eamdem
415 3199 535 3266 dederit
557 3199 785 3286 facultatem4).

359 3306 408 3371 17.
440 3305 475 3369 ln
504 3304 641 3370 ecclesiis
673 3323 743 3370 vcro
773 3307 805 3370 et
835 3304 977 3370 oratoriis
1003 3304 1135 3387 publicis
1156 3305 1189 3369 in
1213 3305 1364 3370 tribunali
1387 3306 1496 3390 poeni·

253 3412 370 3477 tentiae
394 3428 550 3493 nunquam
573 3409 699 3475 sedeant
722 3409 789 3476 sine
809 3408 1031 3492 superpelliceo
1053 3409 1152 3475 bireto
1174 3428 1211 3475 ac
1232 3409 1323 3476 11111.

357 3514 407 3579 18.
432 3512 601 3595 Mulierum
624 3514 829 3579 confessiones
850 3513 987 3596 excipere
1011 3532 1069 3580 uon
1087 3518 1288 3597 praesumant
1303 3515 1376 3579 onte
1390 3517 1494 3580 ortum

254 3636 350 3702 neque
372 3620 442 3701 post
463 3635 604 3683 occasum
627 3616 700 3683 solis
724 3638 778 3683 nec
800 3618 902 3700 domi,
934 3617 992 3684 nisi
1020 3620 1133 3703 urgeat
1161 3616 1344 3695 necessitas,
1375 3636 1432 3685 uec
1460 3619 1494 3684 in

252 3722 390 3788 ecclesiis
405 3724 490 3787 extra
505 3721 608 3789 sedem
625 3721 895 3800 confessionalem3
921 3742 1000 3808 quae
1020 3723 1053 3787 in
1069 3723 1135 3788 loco
1150 3726 1257 3805 operto
1271 3721 1494 3807 conspicuoque

252 3829 284 3893 et
306 3826 338 3891 in
360 3826 498 3892 omnium
521 3827 618 3894 oculis
641 3828 794 3893 collocuta
816 3829 860 3893 sit
883 3829 954 3905 (boc
976 3830 1084 3893 tamen
1106 3845 1166 3891 non
1185 3824 1316 3909 impedit
1330 3825 1493 3910 quominus

252 3932 290 3997 ad
308 3927 541 3997 confessionalis
556 3932 696 4014 apposita
711 3930 774 3997 siut
790 3932 955 4010 uelamina,
970 3931 1083 4017 quibus
1098 3930 1276 3997 confessarii
1293 3931 1494 4015 proteguntur

253 4037 289 4101 ut
312 4036 462 4101 attentius
485 4052 540 4099 suo
563 4034 732 4118 fungantur
749 4036 898 4122 1111111),
922 4055 978 4102 111
1000 4036 1138 4102 cratibus
1159 4035 1266 4101 ferreis
1287 4038 1403 4101 careat.
1436 4035 1492 4100 et-

253 4143 369 4217 tamen,
392 4140 417 4205 si
440 4140 550 4223 ingens
574 4139 741 4205 multitudo
764 4140 899 4207 adfuerit
915 4141 1147 4225 poenitentium,
1169 4140 1315 4223 poterunt
1332 4139 1389 4205 sub
1405 4141 1493 4204 nocte

254 4244 416 4309 mulierum
438 4263 557 4327 quoque
578 4244 674 4327 excipi
699 4245 912 4320 confessiones,
935 4245 1100 4310 dummodo
1116 4246 1191 4310 tunc
1207 4244 1337 4309 ecclesia
1352 4242 1492 4327 pluribus

357 4400 382 4464 1)
402 4397 428 4455 S.
447 4400 551 4455 Pocnit.
568 4400 647 4467 Reep.
666 4400 700 4453 ad
719 4400 780 4454 dub.
799 4400 841 4465 20,
861 4398 1196 4463 1111111111811-
1214 4399 1242 4470 2)
1260 4397 1494 4468 bromtonem.

253 4485 288 4540 ud
307 4485 369 4541 dub.
389 4486 428 4540 19.
446 4514 480 4524 -
498 4485 527 4553 8)
547 4486 573 4541 S.
586 4485 691 4541 Poenit.
704 4485 782 4555 Resp.
793 4484 828 4540 ad
839 4485 901 4540 dub.
914 4486 956 4541 21.
977 4514 1008 4525 -
1026 4486 1053 4554 5)
1071 4484 1171 4554 Synodi
1184 4486 1328 4541 Pistorien.
1343 4488 1372 4539 et
1385 4485 1494 4541 Proteo.

255 4569 407 4624 Columbini
426 4570 523 4635 Bassii,
541 4588 598 4641 per.
617 4570 639 4637 l,
659 4570 743 4627 1118.
