3275 4917
518 293 595 348 Pnrs
614 295 767 348 secundo:
786 292 831 348 Dc
850 291 1064 348 sacramentis.
1344 270 1409 338 259

164 464 305 548 stolaque
327 485 396 530 cum
421 465 487 530 velo
508 465 668 532 humerali
685 467 813 532 indutus
835 465 894 542 sit;
925 483 980 528 nec
1009 463 1112 530 denne
1139 464 1271 547 quatuor
1293 462 1406 529 saltem

164 569 284 634 lumina
305 569 434 636 laternis
456 570 611 650 conclusa,
635 588 716 654 quae
736 570 896 636 Christum
920 568 1117 635 comitentur.

268 675 320 739 25.
355 673 456 740 Solius
483 676 531 739 est
562 675 685 758 parochi
715 675 873 741 Viaticum
896 673 1113 738 administrare
1143 671 1217 756 (nisi
1240 673 1408 738 necessitas

164 779 276 861 urgeat
298 781 331 843 et
350 777 405 842 ille
428 797 487 844 non
510 779 625 862 adsit);
648 779 706 844 hoc
725 781 805 844 enirn
824 799 859 843 ex
874 777 1041 842 uniuersali
1056 777 1125 862 lege
1141 779 1174 842 et
1188 778 1410 842 consuetudine

164 883 295 947 constat
350 883 424 947 Pius
450 882 505 948 IX.
518 885 544 966 ¹)
577 886 680 949 autem
712 881 1022 949 excommunicationi
1057 882 1138 946 latae
1171 880 1343 946 sententiae
1378 883 1410 945 ct

164 1004 285 1052 summo
309 986 453 1052 Pontifici
480 991 652 1053 reservatae
681 988 809 1052 subiicit
840 987 999 1070 religiosos
1030 989 1260 1071 praesumentes
1286 986 1407 1052 clericis

164 1094 220 1155 ant
249 1090 337 1156 laicis
372 1095 459 1158 extra
484 1111 590 1156 casnm
626 1091 819 1157 necessitatis
853 1093 1079 1156 sacramentum
1114 1089 1326 1156 Eucharistiae
1356 1111 1409 1172 per

165 1195 311 1260 viaticum
336 1197 513 1262 ministrare
540 1197 654 1280 absque
682 1197 806 1279 parochi
830 1195 978 1273 licentia;
1012 1213 1090 1278 quae
1124 1194 1253 1272 suflicit,
1287 1195 1409 1260 etiamsi

165 1297 261 1364 luerit
279 1301 414 1365 tamtum
436 1304 643 1384 praesumpta.

268 1405 321 1471 26.
356 1404 441 1487 Quod
467 1405 505 1469 ad
528 1404 581 1471 SS.
605 1405 797 1471 Sacrameoti
822 1404 1041 1488 expositionem
1065 1406 1203 1488 spectat,
1227 1422 1264 1469 ea
1287 1403 1408 1485 publice

165 1507 233 1573 lieri
263 1527 320 1574 noo
350 1512 452 1592 potest
482 1509 548 1574 sine
578 1517 683 1575 nostra
713 1509 760 1573 rel
786 1509 900 1575 Vicarii
932 1509 1030 1575 nostri
1052 1509 1207 1592 generalis
1231 1508 1359 1573 licentia
1372 1509 1408 1591 ²),

165 1615 291 1696 excepta
309 1614 495 1696 expositione
512 1633 590 1697 quae
606 1615 661 1680 Xh
678 1615 831 1680 Horarum
849 1616 1053 1697 irrumpatur,
1073 1631 1212 1696 quseque
1228 1611 1408 1696 exactique

165 1718 386 1784 consuetudine
409 1719 514 1802 peragi
538 1720 626 1786 solet.

269 1823 321 1888 27.
349 1823 517 1888 Dominicis
537 1843 608 1889 vero
630 1824 761 1908 aliisque
783 1823 873 1890 lestis
896 1821 1004 1887 diebus
1020 1821 1185 1905 unicuique
1200 1822 1333 1904 parocho
1349 1839 1407 1886 non

168 1924 257 1990 modo
279 1925 460 1991 facultatem
485 1927 611 2006 damus,
639 1929 692 1992 sed
716 1929 810 1994 etism
835 1927 1017 1994 mandamus
1037 1929 1073 1990 ιιι
1095 1944 1187 2009 super
1209 1925 1353 2009 populum
1378 1924 1408 1989 in

165 2030 295 2095 ecclesia
315 2030 353 2095 ad
377 2031 566 2096 functionem
588 2033 794 2116 vespertinam
817 2031 982 2098 collectum
1012 2029 1254 2096 benedictionem
1276 2026 1329 2094 SS.
1352 2027 1406 2095 Sa·

166 2134 315 2200 crementi
336 2134 545 2218 impertiatur.

270 2239 321 2304 28.
358 2240 458 2305 Valde
487 2241 590 2306 autern
619 2242 763 2324 optamus
794 2242 831 2305 ut
857 2238 958 2323 prima
987 2241 1043 2304 aot
1064 2238 1159 2304 tertia
1186 2237 1339 2304 dominica
1360 2238 1409 2304 die

86 2397 90 2403 .
166 2345 312 2426 cuiusque
334 2344 446 2409 mensis
468 2343 499 2408 in
523 2345 656 2428 singulis
678 2344 816 2409 ecclesiis
839 2342 1086 2426 parochialibus,
1116 2342 1248 2408 maxime
1274 2342 1300 2407 si
1324 2343 1408 2408 adsit

167 2447 404 2512 confraternitas
427 2447 480 2513 SS.
504 2449 705 2525 Sacramenti,
730 2449 882 2532 processio
901 2467 970 2513 cum
994 2447 1100 2513 eodem
1119 2445 1317 2514 Sacrameuto
1341 2446 1408 2512 liat.

270 2551 322 2615 29.
348 2551 535 2617 Processioni
549 2551 690 2635 Corporis
703 2552 820 2619 Christi
834 2552 980 2617 interesse
993 2551 1143 2628 volumus,
1154 2551 1240 2616 iuxta
1248 2550 1407 2634 antiquam

167 2654 427 2734 consuetudinem,
451 2674 555 2722 omnes
578 2658 705 2722 clericos
728 2657 813 2722 urbis
835 2657 900 2721 tem
923 2653 1107 2733 saeculares,
1130 2673 1225 2740 quam
1249 2654 1408 2739 regulares

166 2759 302 2825 cuiusvis
323 2761 426 2824 statos
446 2762 478 2824 et
496 2759 662 2843 dignitatis
683 2762 829 2828 existant.

268 2864 320 2929 30.
344 2863 603 2950 Quotiescumque
623 2865 659 2931 lit
680 2866 732 2933 SS.
756 2865 949 2932 sacramenti
972 2863 1130 2948 expositio,
1154 2864 1193 2928 ab
1209 2863 1302 2928 altari
1318 2883 1409 2948 expo-

165 2967 287 3032 sitionis
320 2971 384 3034 tres
418 2971 543 3035 omnino
580 2971 767 3036 amovendae
802 2974 878 3036 sunt
910 2967 1045 3035 tabellae
1083 2986 1160 3052 quas
1194 2966 1335 3033 mhricae
1368 2967 1408 3033 ad

166 3071 353 3136 celebrantis
387 3075 640 3140 commoditatem
679 3075 892 3157 praescribunt
930 3075 961 3138 in
1000 3073 1114 3138 Missae
1151 3071 1357 3138 celebratione
1372 3071 1407 3157 ³).

166 3174 219 3241 SS.
253 3174 489 3242 Sacramentum
528 3179 633 3242 autem
672 3180 703 3243 io
740 3179 910 3244 ostensorio
943 3177 1192 3259 conspiciendum
1225 3176 1409 3260 praebeatur

164 3279 342 3364 excelsoque
364 3280 395 3344 io
416 3281 528 3347 throno
548 3282 675 3349 locetur.
714 3282 927 3349 Ostemorium
951 3281 1135 3366 argenteum
1158 3280 1201 3346 sit
1224 3279 1270 3344 rel
1293 3280 1405 3344 saltem

165 3403 200 3447 ex
222 3384 283 3448 alio
304 3384 430 3450 metallo
453 3404 528 3450 anm
549 3389 717 3470 argentove
737 3387 871 3452 obducto
898 3405 968 3452 cum
995 3403 1089 3469 parra
1120 3402 1210 3450 cruce
1240 3383 1354 3448 visibili
1376 3383 1406 3448 in

166 3489 347 3553 summitate
358 3490 406 3570 ⁴);
443 3492 476 3554 et
510 3490 656 3576 crystallo
691 3490 879 3556 nitidissimo
916 3489 1060 3573 utrinqne
1095 3487 1135 3554 ad
1168 3488 1268 3553 locum
1303 3507 1408 3554 sacrae

167 3593 297 3657 Hostiae
319 3592 478 3659 muniatur
509 3595 754 3669 adeoconcinne
777 3599 813 3661 ut
837 3594 921 3660 nulla
945 3613 981 3659 ex
1005 3595 1092 3676 parte
1114 3594 1211 3676 ipsam
1235 3592 1407 3676 contingat.

168 3695 287 3760 lunula
311 3715 380 3762 vero
395 3716 473 3780 qnae
487 3717 606 3764 sacram
624 3701 767 3766 Hostiam
784 3699 922 3783 excipere
938 3698 1039 3776 debet,
1063 3699 1105 3763 sit
1119 3698 1243 3764 omnino
1261 3700 1408 3783 argentea

166 3801 198 3864 et
226 3799 369 3865 inaurata
397 3806 490 3884 atque
520 3803 566 3868 ita
594 3807 666 3887 apte
692 3803 832 3870 coniecta
865 3807 902 3868 ut
934 3801 1092 3868 commode
1124 3801 1281 3885 purificari
1304 3807 1407 3886 queat.

167 3904 290 3969 Thmoo
323 3909 427 3970 autem
466 3908 692 3990 superemineat
725 3905 878 3981 umbella,
911 3906 1004 3989 vulgo
1038 3906 1259 3984 boldacchioo,
1294 3906 1406 3972 saltem

166 4010 280 4086 serica,
314 4009 486 4093 saltemque
520 4011 631 4095 viginti
665 4013 798 4095 quatuor
828 4009 975 4075 candelae
1005 4027 1110 4076 cereae
1136 4028 1229 4092 super
1258 4007 1407 4093 madibus

165 4113 275 4180 alteris
297 4113 444 4178 continuo
466 4114 605 4182 ardeant.

268 4217 320 4284 ill.
347 4218 382 4283 In
405 4219 593 4302 expositione
616 4219 832 4304 Quadraginta
858 4217 1011 4283 Horarum
1036 4217 1184 4283 celarium
1207 4215 1324 4283 loribus
1347 4218 1405 4284 llo·

165 4321 277 4386 clesiae
308 4322 468 4406 praetendi
498 4323 590 4389 debet
621 4343 659 4389 ne
687 4323 921 4390 Sacramentum
954 4341 988 4388 ex
1015 4321 1120 4406 platea
1141 4322 1275 4406 conspici
1298 4322 1404 4406 possit.

270 4479 296 4545 1)
316 4483 405 4534 ιὀιιιι,
428 4485 563 4551 ,ιριιιοι
584 4482 679 4538 sedes.
703 4509 738 4519 -
764 4478 793 4546 2)
811 4477 850 4532 lix
867 4477 972 4534 Decret.
991 4476 1090 4531 Bened.
1110 4475 1198 4540 XIV„
1220 4483 1407 4548 ,decepimus

165 4581 206 4618 ιιι.
229 4566 303 4628 1746,
323 4572 349 4619 ct
367 4584 396 4619 er
416 4567 513 4634 plurib.
532 4568 611 4624 decis.
630 4567 657 4620 S.
670 4567 703 4622 R.
716 4565 745 4622 C.
769 4595 802 4604 -
817 4566 846 4633 3)
866 4565 939 4620 SR.
953 4563 982 4620 G.
999 4565 1040 4618 20.
1061 4564 1122 4619 Deo.
1144 4564 1218 4620 1864.
1237 4593 1270 4604 -
1287 4563 1316 4633 4)
1335 4565 1398 4620 8.ss

164 4651 193 4707 C.
215 4654 255 4706 17.
272 4654 346 4723 Sept.
368 4653 442 4708 1847.
