3275 4917
240 268 304 334 232
493 283 635 354 Sgnodrse
656 279 858 338 Ριιιοήιιιιίι
876 289 905 338 et
927 283 1086 338 Prolem
1103 298 1133 337 ιι.
1152 278 1233 337 1892.

344 461 375 525 5.
402 456 452 522 Ad
486 453 696 538 praecauenda
724 455 822 539 igitur
850 453 987 520 exitialia
1014 473 1093 538 quae
1123 475 1159 520 ex
1189 455 1363 522 huiusmodi
1391 456 1481 521 libris

241 563 475 647 proficiscuntur
502 560 601 638 mala,
640 559 836 624 inhaerentes
867 558 998 622 decretis
1030 559 1069 622 ab
1101 557 1238 624 lluolesia
1266 558 1481 644 promulgatis,

241 667 446 752 praecipimus
468 668 504 729 ut
528 683 633 730 omues
663 682 786 730 summa
814 681 872 746 ope
904 663 1081 728 abstineant
1112 682 1131 727 a
1157 662 1314 748 legendis,
1345 663 1482 728 emendis

241 773 289 839 vel
311 770 480 837 retinendis
502 768 590 833 libris
614 768 711 834 noxiis
733 767 840 851 quiin
866 767 1015 833 librorum
1039 766 1263 851 prohibitorum
1296 767 1401 833 Iudice
1424 786 1478 833 no·

239 879 365 955 mutor,
394 875 454 939 uisi
485 893 504 939 a
532 892 654 938 summo
677 871 827 937 Pontifice
853 872 1009 937 licentiam
1038 891 1089 936 eos
1111 871 1234 954 legendi
1258 872 1305 937 vel
1328 872 1481 938 retinendi

240 979 398 1065 assequuti
419 977 546 1046 luerint.
592 976 679 1057 Quod
702 978 807 1041 autem
830 977 951 1060 spectat
972 975 1013 1040 ad
1035 995 1181 1042 censurae
1211 977 1346 1043 inflictas
1369 983 1406 1042 ob
1433 995 1481 1043 se·

239 1085 316 1150 titos
338 1083 433 1148 librae
456 1100 509 1165 per
531 1081 691 1166 generales
714 1080 839 1166 regulas
861 1080 908 1147 uel
930 1079 1177 1159 constitutiones,
1203 1081 1292 1147 bodie
1315 1081 1362 1147 uti
1385 1099 1480 1166 geue·

239 1189 315 1256 ralis
348 1190 381 1254 et
414 1187 506 1251 unica
539 1185 649 1270 regula
684 1185 826 1250 habenda
860 1187 908 1250 est
941 1184 1129 1251 Constitutio
1163 1185 1365 1268 Apostolieoe
1386 1185 1482 1254 Sedis

241 1295 291 1360 Pii
325 1292 380 1359 IX.
414 1295 521 1377 (quam
551 1290 582 1354 in
611 1289 779 1374 appendice
809 1289 973 1355 afferemus
1005 1309 1033 1356 n.
1058 1289 1123 1372 lll3
1158 1309 1219 1374 qua
1254 1289 1482 1357 Constitutione

239 1397 390 1464 statuitur
409 1395 544 1460 incidere
566 1394 601 1459 in
621 1394 967 1460 excommunicationem
990 1393 1117 1477 speciali
1140 1395 1229 1461 modo
1246 1395 1383 1461 Romano
1402 1395 1482 1460 Pou-

238 1501 317 1568 tilioi
348 1506 537 1566 reservatam
570 1517 694 1564 somnes
716 1501 749 1564 et
771 1499 910 1582 singulos
933 1498 1066 1564 scienter
1088 1498 1227 1583 legentes
1249 1499 1315 1566 sine
1345 1499 1480 1566 auctori·

240 1608 306 1672 tate
326 1605 414 1671 Sedis
437 1603 633 1687 spostolicae
664 1603 758 1668 libros
787 1605 1000 1686 apostatarum
1027 1606 1058 1668 et
1082 1603 1306 1669 baereticorum
1329 1602 1482 1669 baeresim

240 1713 483 1796 propugnantes,
513 1727 654 1774 necnon
686 1707 779 1772 libros
806 1707 941 1773 cuiusvis
968 1707 1102 1772 auctoris
1131 1727 1184 1791 per
1210 1707 1403 1792 spostolicae
1425 1709 1481 1772 lit·

239 1820 324 1880 teras
346 1813 529 1880 nominatim
545 1813 725 1895 prohibitos,
749 1813 932 1897 eosdemque
954 1813 1048 1878 libros
1070 1813 1247 1893 retinentes,
1271 1815 1483 1897 imprimentes

240 1923 273 1986 et
294 1917 524 2003 quomodolibet
546 1917 774 1982 defendentes«

344 2024 374 2090 6.
406 2022 455 2084 bd
489 2021 584 2085 libros
614 2039 685 2085 sero
710 2020 742 2084 in
766 2019 870 2085 lndioe
894 2022 1060 2086 recensitos
1083 2021 1168 2086 iuxta
1187 2023 1313 2106 regulas
1334 2022 1481 2102 eiusdem,

240 2128 341 2192 editae
363 2126 449 2190 iussu
470 2123 599 2189 concilii
627 2123 802 2188 Tridentini
824 2125 856 2188 et
878 2123 996 2206 reliqna
1019 2125 1238 2208 subsequentia
1260 2126 1481 2204 additamenta,

240 2250 318 2315 quae
341 2229 431 2293 firma
452 2228 556 2292 omnia
578 2231 610 2292 et
633 2227 664 2291 iu
688 2247 744 2291 suo
767 2228 873 2290 robore
896 2231 1128 2312 permansutll,
1159 2229 1292 2294 addendi
1315 2235 1388 2295 sunt
1411 2231 1481 2296 libri

241 2335 465 2400 baereticorum
488 2334 525 2396 de
549 2331 717 2397 moralibus
746 2330 917 2413 disciplinis
947 2331 1145 2410 disserentes,
1175 2333 1233 2397 uisi
1266 2333 1305 2398 ab
1333 2334 1482 2418 Episcopo

240 2438 405 2505 examinati
430 2440 462 2501 et
485 2438 647 2521 adprobati
664 2435 789 2514 fuerint,
814 2435 861 2500 vel
877 2435 915 2499 de
931 2421 1079 2520 religione
1095 2455 1129 2502 ex
1146 2437 1279 2520 professo
1296 2441 1481 2516 tractantes;

239 2544 376 2626 itemque
401 2541 471 2605 libri
490 2560 596 2608 omues
618 2541 656 2605 de
678 2540 837 2606 obscoenis
857 2541 1028 2623 euprofesso
1048 2547 1192 2625 agentes,
1216 2546 1272 2607 aut
1295 2545 1393 2608 artem
1415 2561 1481 2608 rua·

240 2648 341 2732 gisam
365 2645 524 2723 docentes,
558 2645 606 2708 sel
636 2646 828 2708 mussoulcae
849 2647 950 2710 sectae
977 2644 1171 2729 aliarumque
1194 2646 1330 2711 eiusdem
1355 2646 1481 2712 lnrluris

241 2751 405 2816 uetitarum
429 2755 584 2814 sectarum
608 2753 746 2828 statuta,
770 2750 869 2826 ritus,
892 2751 1060 2814 musenius
1082 2750 1290 2816 describentes
1312 2753 1406 2836 atque
1428 2751 1482 2816 de-

240 2853 409 2918 leudentes.

344 2958 373 3024 7.
405 2957 569 3024 Praeterea
599 2960 672 3023 suut
701 2962 734 3022 et
763 2956 817 3021 alii
841 2956 912 3022 libri
937 2956 984 3021 vel
1006 2956 1134 3041 scripta,
1163 2978 1241 3042 quae
1271 2961 1310 3024 ob
1338 2977 1482 3044 praeseus

240 3061 442 3147 perversionie
462 3062 631 3145 periculum
652 3062 719 3146 ipsa
743 3066 873 3127 naturae
895 3060 964 3145 lege
988 3061 1198 3143 probibentur.
1240 3063 1345 3146 Atque
1370 3065 1426 3128 boc
1450 3063 1481 3128 iu

240 3186 366 3234 numero
390 3167 524 3233 bubendi
548 3171 622 3233 sunt
644 3166 865 3250 quamplurimi
889 3166 959 3232 libri
984 3185 1186 3245 romanenses,
1210 3167 1304 3252 vulgo
1326 3168 1481 3246 emensi,

239 3272 352 3356 quibus
387 3271 519 3355 improbi
559 3271 698 3336 homiues
735 3271 905 3354 legentium
940 3271 1079 3337 castitati
1117 3271 1246 3336 insidias
1283 3274 1412 3355 parant,
1450 3275 1483 3337 et

239 3375 468 3459 ephemerides,
503 3375 615 3459 quibus
646 3375 760 3439 ueritas
795 3376 926 3458 bonique
958 3394 1057 3440 mores
1087 3376 1235 3440 acerrime
1265 3377 1483 3460 oppugnantur

240 3483 332 3564 atque
355 3479 452 3544 animi
474 3479 611 3544 fidelium
634 3480 672 3544 ab
697 3479 835 3544 eeclesia
856 3480 982 3563 eiusque
998 3479 1149 3545 ministris
1165 3479 1202 3545 de
1220 3480 1373 3545 industria
1394 3498 1482 3545 aver·

239 3589 360 3648 tuntur.

343 3688 374 3751 8.
398 3685 592 3770 Quapropter
614 3689 786 3752 animarum
809 3689 978 3766 curatores,
998 3688 1208 3764 confessarios,
1233 3691 1336 3772 patres
1357 3707 1394 3754 ao
1415 3705 1481 3752 ma·

240 3789 458 3867 treelumiliae,
489 3791 674 3874 magistros,
706 3791 795 3858 beros
817 3794 850 3858 et
872 3809 977 3858 omues
1000 3793 1053 3877 qui
1076 3812 1180 3858 euram
1203 3792 1333 3858 aliorum
1358 3792 1483 3869 babent,

242 3898 437 3961 veliementer
469 3895 628 3961 liortsmur
659 3900 695 3962 ut
725 3897 831 3962 sedulo
860 3895 991 3981 vigilent
1015 3916 1051 3960 ne
1074 3897 1133 3962 sibi
1156 3897 1289 3964 subiecti
1308 3900 1415 3961 emant
1435 3895 1483 3960 sel

240 3999 347 4085 legant
369 4000 463 4065 libros
487 4002 518 4065 et
538 4001 638 4065 diaria
658 4001 695 4066 de
717 4001 829 4085 quibus
852 4019 944 4085 supra
967 4000 1163 4069 dictumest.

343 4106 373 4171 9.
406 4103 694 4170 Animadvertimus
718 4108 841 4184 ιιιιιιιιι,
875 4125 910 4169 ex
945 4106 1081 4171 Concilio
1109 4106 1290 4172 Tridentino
1305 4108 1330 4189 ¹)
1363 4125 1483 4171 excom·

241 4209 441 4274 niunieationi
463 4210 579 4273 nemini
603 4214 787 4286 reservatae,
811 4229 903 4292 quarn
926 4210 1120 4275 confirmauit
1143 4211 1216 4274 Pius
1239 4210 1293 4278 IX.
1304 4213 1345 4292 ⁸),
1372 4209 1483 4274 subiici

239 4331 345 4380 omnes
374 4312 426 4397 qui
455 4313 522 4377 siue
552 4312 709 4379 Ordiuarii
739 4313 959 4397 approbatione
981 4313 1165 4397 imprimunt
1187 4317 1242 4378 aut
1265 4314 1484 4397 imprimendos

344 4468 371 4538 1)
390 4468 502 4524 eldditio
525 4469 672 4526 ιιοιίιιὶιιι
694 4469 729 4526 ad
754 4473 917 4540 postiam
936 4467 1037 4526 Iudicis
1059 4469 1190 4524 librorum
1210 4468 1409 4537 prohibitorum
1428 4469 1484 4526 edi·

239 4555 351 4618 ticum,
369 4570 413 4609 eu.
430 4555 505 4612 1876.
522 4583 559 4596 -
574 4557 603 4628 2)
622 4557 693 4614 Saea
706 4556 754 4622 1v,
773 4557 813 4612 De
827 4555 945 4612 editiorm
960 4559 989 4612 et
1000 4571 1051 4612 ιιιιι
1062 4571 1160 4611 sacror.
1174 4555 1277 4612 Libros.
1299 4585 1333 4596 -
1349 4557 1378 4628 3)
1390 4555 1483 4614 Const

242 4646 440 4714 apostolocae
453 4645 549 4699 Sedis.
