3275 4917
280 220 345 287 456
529 236 671 306 Quodam
691 230 892 291 Halon-imis
911 240 940 291 et
960 228 1122 293 butensis
1140 253 1170 292 u.
1188 230 1273 293 1882.

281 411 432 495 parochus
453 408 568 475 infirmi
591 408 750 491 permissu,
774 408 800 473 si
820 426 885 474 rem
903 427 939 474 er
953 407 1173 475 sacramentali
1186 408 1375 475 confessione
1392 408 1545 487 neverit,

281 516 328 581 rel
349 515 430 581 alius
450 513 591 581 sacerdos
608 511 731 596 parochi
748 530 898 578 consensu
913 530 965 578 ecs
980 512 1199 591 occultissime,
1222 512 1319 578 Nobis
1335 512 1383 579 rel
1402 512 1545 578 vicario

281 622 383 687 nostro
407 618 545 703 generali
568 616 728 695 consultis,
751 616 777 681 si
799 618 924 700 tempus
945 619 1102 701 suppetat,
1125 636 1228 683 coram
1247 616 1367 683 duobus
1388 617 1544 683 testibus

279 724 390 790 secreti
418 723 487 807 lege
517 720 676 788 adstrictis
705 720 744 786 nd
778 721 1012 786 Matrimonium
1036 720 1280 787 contrahendum
1302 720 1480 799 admittat,
1505 724 1543 786 et

279 830 383 895 cetera
405 826 444 893 ad
468 825 584 910 prolem
607 824 844 909 legitimandam
868 824 1041 891 necessaria
1062 830 1151 891 curet
1173 824 1357 910 peragenda.

384 932 435 997 38.
467 928 498 997 si
523 929 579 995 filii
603 928 751 1013 baptizati
775 930 910 1007 luerint,
942 948 1002 995 uno
1034 928 1082 995 rel
1110 931 1242 1013 utroque
1271 931 1399 1013 parente
1422 929 1541 995 minus

280 1036 446 1115 nominoio,
471 1034 603 1118 parocho
627 1033 675 1099 rel
697 1033 735 1113 ei,
760 1032 813 1117 qui
833 1034 900 1099 eius
917 1033 997 1099 vices
1017 1033 1110 1118 gerit,
1132 1034 1197 1099 sire
1211 1034 1327 1117 scripto
1339 1033 1406 1099 sire
1419 1051 1538 1099 coram

279 1141 354 1225 ipsis
378 1138 569 1206 Matrimonii
595 1138 730 1205 testibus
760 1138 907 1222 coniuges
937 1137 1111 1216 declarent,
1140 1137 1211 1204 illos
1239 1157 1347 1221 pueros
1373 1137 1434 1203 tali
1468 1138 1537 1215 die,

280 1246 345 1311 loco
366 1246 399 1310 et
419 1243 540 1309 nomine
563 1242 754 1325 baptizatos,
785 1260 858 1308 snos
887 1260 954 1308 esse
983 1240 1074 1308 filios.
1121 1241 1306 1307 Huiusmodi
1327 1244 1434 1309 autem
1462 1262 1536 1307 ma·

278 1348 422 1415 trimonia
447 1348 527 1413 inter
549 1366 595 1426 ea,
619 1365 698 1431 quse
721 1348 928 1415 conscendisse
948 1346 1154 1431 appellantur,
1178 1346 1402 1425 amaricentur,
1426 1345 1456 1412 si
1483 1347 1534 1411 ita

279 1453 377 1520 Nobis
417 1451 581 1520 uidebitur.
644 1449 775 1533 Quando
816 1469 888 1517 sero
929 1450 1164 1517 Matrimonium
1203 1450 1274 1515 iniri
1312 1470 1370 1516 non
1408 1453 1533 1535 potest,

280 1560 425 1643 aegrotus
448 1556 485 1623 de
507 1574 564 1621 sua
593 1554 804 1639 resipiscentia
834 1556 945 1621 doceat
974 1555 1094 1639 peccati
1123 1555 1258 1633 socium,
1291 1554 1341 1620 cui
1370 1555 1533 1639 parochus

279 1664 398 1728 secreto
419 1660 563 1745 iniungat
583 1661 619 1724 ut
637 1659 749 1726 saltem
773 1660 889 1726 infirmi
911 1658 1088 1725 cubiculum
1111 1677 1171 1725 nou
1194 1658 1396 1743 ingrediatur.

382 1764 434 1833 88.
460 1766 586 1831 Perraro
605 1768 710 1830 autem
727 1765 859 1842 eueniet,
883 1766 919 1830 ut
938 1763 1149 1830 concubinarii
1164 1762 1197 1829 in
1212 1762 1396 1848 gravissimo
1412 1766 1531 1830 mortis

280 1869 415 1954 periculo
434 1868 596 1935 constituti
620 1868 855 1935 Matrimonium
879 1868 1061 1934 contrahere
1082 1869 1247 1952 nequeant.
1284 1868 1425 1933 &mana
1439 1869 1528 1933 enim

270 1977 311 2045 ss
334 1973 515 2040 uniuersalis
547 1972 711 2057 inquisitio
741 1973 857 2039 litteris
888 1972 939 2039 die
969 1973 1021 2040 20.
1045 1971 1206 2037 Februarii
1232 1972 1314 2037 1888
1345 1972 1386 2036 ad
1415 1992 1529 2039 omnes

279 2080 414 2146 locorum
438 2077 618 2144 Ordinarios
640 2076 733 2155 datis,
757 2075 939 2143 facultatem
962 2096 982 2143 a
1003 2094 1124 2142 summo
1148 2075 1297 2143 Pontiilce
1312 2077 1413 2142 Leone
1430 2076 1526 2145 xm

278 2184 490 2268 approbatam,
513 2182 629 2247 eisdem
649 2181 863 2265 suppeditavit
884 2180 1082 2265 dispensandi
1103 2180 1169 2246 sire
1191 2200 1244 2264 per
1264 2199 1298 2247 se
1318 2179 1384 2247 sire
1401 2200 1458 2265 per
1474 2200 1528 2248 ec·

277 2287 485 2353 clesissticsm
502 2304 660 2370 personam
676 2286 736 2351 sibi
752 2285 925 2369 probatam,
949 2304 1041 2369 super
1058 2283 1298 2369 impedimentis,
1321 2287 1526 2369 quantumvis

278 2390 419 2476 publicis,
444 2390 676 2457 Matrimonium
701 2390 766 2455 iure
789 2388 998 2456 ecclesiastico
1021 2388 1240 2455 dirimentibus
1260 2391 1400 2473 (excepto
1415 2392 1524 2457 tamen

278 2514 365 2561 sacro
388 2496 617 2581 presbyteratus
640 2492 754 2561 Ordine
777 2497 810 2560 et
832 2493 988 2559 allinitate
1010 2493 1108 2559 lineae
1130 2495 1234 2559 rectas
1254 2510 1290 2559 er
1309 2494 1419 2579 copula
1435 2494 1526 2561 licita

279 2598 484 2683 proveniente)
515 2618 585 2665 cnm
607 2599 647 2663 iis
667 2598 721 2683 qui
743 2599 831 2664 iuxta
852 2598 960 2665 ciriles
982 2597 1069 2682 leges
1090 2601 1165 2663 suut
1183 2597 1339 2663 coniuncti
1357 2602 1418 2665 aut
1439 2600 1524 2665 alins

144 2736 149 2745 ·
278 2706 309 2769 in
325 2702 533 2769 concubinatu
549 2702 668 2780 nsunt,
683 2702 805 2787 quando
822 2705 984 2767 versantur
998 2702 1031 2767 in
1046 2701 1230 2787 marmurae
1246 2702 1356 2769 mortis
1370 2702 1522 2786 periculo,

277 2812 310 2873 et
328 2826 387 2873 non
411 2807 548 2891 suppetit
570 2808 694 2890 tempus
713 2806 752 2871 ad
775 2809 916 2872 sanctam
939 2804 1049 2873 Sedsrn
1073 2805 1260 2873 recurrendi.

381 2912 434 2978 40.
473 2912 536 2977 Nos
568 2914 674 2976 autem
702 2910 907 2976 facultatibus
929 2911 1071 2989 utentes,
1104 2928 1199 2993 quas,
1230 2913 1384 2977 annuente
1410 2911 1522 2978 mdem

277 3036 397 3083 summo
422 3015 569 3083 Pontihce
595 3015 693 3081 Leone
716 3014 824 3095 Xill,
852 3014 1012 3099 praedicta
1035 3014 1198 3099 Inquisitio
1220 3014 1334 3080 litteris
1355 3014 1523 3101 encyclicis

277 3120 327 3186 die
351 3121 381 3186 1.
404 3119 512 3185 Martii
537 3118 620 3185 1889
643 3119 682 3184 ad
705 3138 811 3185 omnes
835 3119 971 3185 locomm
994 3116 1173 3185 ordinarios
1196 3118 1295 3198 datis,
1326 3118 1436 3185 badam
1458 3119 1521 3186 Or·

277 3224 406 3290 dinariis
429 3223 598 3301 concessit,
628 3223 818 3307 praedictam
851 3223 1009 3289 licentiam
1040 3222 1239 3307 dispensandi
1269 3242 1363 3308 snper
1388 3224 1522 3309 impedi·

276 3328 390 3396 mentis
411 3328 628 3394 dirimentibus
651 3330 684 3393 et
702 3328 734 3393 in
749 3346 823 3394 casu
838 3326 1016 3411 supradicto
1034 3326 1214 3412 delegamus
1234 3327 1439 3395 habitualiter
1452 3348 1520 3393 orn·

277 3433 366 3498 nibus
396 3432 536 3515 parochis
568 3434 742 3497 nostrarum
776 3432 987 3509 Dioecssium,
1020 3431 1075 3497 sed
1096 3433 1219 3498 tentum
1243 3450 1298 3516 pro
1320 3432 1457 3508 casibus,
1485 3434 1520 3498 in

276 3537 388 3623 quibus
419 3536 500 3603 desit
530 3539 651 3622 tempus
683 3536 722 3601 ad
751 3535 816 3602 Nos
848 3536 895 3602 rel
925 3536 964 3601 ad
995 3538 1133 3602 nostrum
1162 3534 1320 3602 Vicarium
1342 3538 1518 3621 generalem

278 3640 462 3720 recurrendi,
485 3640 517 3705 st
540 3640 708 3723 periculum
730 3641 773 3705 sit
793 3641 825 3706 in
847 3659 941 3706 mora
978 3639 1010 3706 Si
1034 3642 1139 3706 autem
1160 3640 1368 3707 concubinarii
1391 3642 1430 3707 de
1448 3642 1517 3725 qni·

276 3748 333 3812 bus
357 3744 453 3810 locuti
475 3762 592 3823 sumus,
616 3748 684 3828 post
704 3744 965 3827 dispensationem
990 3746 1023 3811 et
1042 3743 1276 3810 Matrimonium
1300 3745 1360 3810 rite
1379 3746 1515 3811 celebra-

274 3854 342 3917 tum
364 3847 585 3928 convaluerint,
609 3849 734 3932 parochi
758 3847 795 3914 de
816 3850 925 3915 eadem
949 3848 1110 3933 impertita
1124 3848 1355 3932 dispensatione
1372 3850 1516 3916 certiores

278 3955 342 4021 Mos
363 3955 465 4020 facere
487 3952 653 4019 debebunt.

379 4058 431 4123 41.
467 4056 629 4136 Ceterum,
662 4058 688 4122 si
714 4058 785 4141 quis
808 4058 924 4141 absque
947 4056 1091 4142 legitima
1111 4075 1206 4122 eausa
1228 4057 1383 4124 Mmleslas
1403 4058 1515 4125 indicio

274 4162 404 4245 probata
424 4181 442 4227 a
462 4159 616 4244 coniugali
641 4161 872 4228 cohabitatione
892 4162 1086 4239 discesserit,
1109 4161 1262 4245 parochus
1284 4181 1356 4229 cunr
1377 4162 1516 4229 hortetur

274 4268 310 4331 ut
332 4266 371 4331 ad
394 4264 585 4332 individuum
612 4264 692 4331 ritca
714 4266 822 4334 redeat
843 4268 1050 4345 consortium,
1080 4284 1136 4331 nec
1155 4286 1225 4332 eum
1248 4266 1359 4333 docere
1378 4267 1512 4346 omittet,

277 4370 467 4435 Matrimonii
497 4368 654 4435 uinculum
685 4369 897 4436 indissolubile
930 4390 996 4436 esse
1025 4374 1119 4454 atque
1149 4371 1300 4436 eiusmodi
1329 4372 1511 4438 consortium

277 4472 458 4555 coniugibus
479 4473 646 4554 imponere.
