3275 4917
789 712 898 795 ΧΧΧΙ.

220 874 378 977 suardus
414 876 631 959 llioecasana
666 876 891 959 Platonicosls
924 880 960 959 el
988 876 1170 959 Pralemls
1203 876 1461 958 abitinensi

220 998 432 1078 reverendis.
457 997 493 1077 u.
514 996 550 1078 ll.
574 998 738 1079 llarcollo
759 998 932 1080 tacentia
953 1000 1119 1099 episcopo
1141 996 1401 1078 Plelorloneium
1424 1001 1461 1079 ot

269 1116 485 1199 Postumium
514 1118 633 1200 babila
659 1140 692 1201 a
718 1118 810 1200 1892
837 1120 959 1201 diebus
986 1117 1133 1215 12.,13.,
1160 1118 1211 1199 14.
1237 1116 1408 1201 llclobris

451 1292 517 1362 (cfr.
539 1296 650 1350 Archiv
669 1293 767 1350 Lxxl.
785 1294 837 1350 289
856 1310 930 1364 sqq„
948 1294 1057 1349 LXXV.
1073 1293 1125 1348 228
1143 1293 1223 1363 sqq.).

444 1450 520 1533 cap.
551 1450 586 1517 V.
628 1450 679 1517 De
704 1457 904 1519 sacrosancto
932 1452 1049 1517 mesas
1071 1452 1241 1551 sanitato.

328 1582 354 1646 l.
380 1579 575 1645 Eucharistia
589 1579 645 1646 boc
658 1579 753 1645 babet
765 1580 935 1665 singulare,
951 1580 1030 1663 quod
1046 1599 1103 1646 uon
1115 1580 1214 1645 solum
1227 1578 1460 1647 Sacramentum

221 1685 356 1749 omnium
389 1684 478 1769 louge
502 1685 802 1767 praestantissimum
827 1686 886 1762 sit,
917 1684 970 1749 sod
1001 1682 1150 1749 Sacrificii
1182 1684 1277 1749 etiarn
1311 1685 1460 1750 rationem

224 1787 346 1865 babeat,
369 1808 428 1871 quo
447 1787 639 1853 Sacrificium
657 1788 733 1853 illud
750 1790 922 1867 crnauturu,
943 1788 1023 1871 quod
1040 1788 1133 1854 semel
1150 1788 1180 1852 iu
1197 1808 1287 1854 cruce
1303 1792 1461 1872 peractum

222 1893 280 1968 ost,
298 1894 550 1975 repraesentetur,
568 1893 693 1976 eiusque
711 1892 860 1958 memoria
875 1913 970 1976 usque
985 1894 1016 1957 in
1033 1892 1146 1957 saeculi
1162 1892 1255 1958 tinem
1272 1897 1461 1976 permaneat,

222 1999 315 2079 atque
350 1997 435 2061 illius
474 1996 621 2062 salutaris
653 1996 753 2062 virtus
782 1996 812 2061 in
849 1996 1056 2063 remissionem
1087 2015 1192 2061 eorum
1219 2015 1299 2082 quae
1326 2016 1345 2061 a
1376 1997 1462 2063 nobis

221 2100 360 2185 quotidie
381 2101 618 2166 committuntur
642 2103 846 2184 peccatorum,
870 2102 1044 2185 applicetur
1055 2104 1089 2184 1).
1132 2101 1175 2167 Er
1198 2121 1258 2184 quo
1280 2101 1385 2184 colligi
1409 2120 1461 2184 po·

223 2206 286 2269 test
311 2203 486 2271 sacerdotes
516 2223 644 2288 quorum
675 2205 846 2271 ministerio
876 2208 998 2271 tantum
1020 2204 1213 2271 Sacrificium
1240 2206 1301 2270 Deo
1324 2205 1460 2284 offertur,

224 2308 357 2374 maxima
381 2308 528 2393 religione
550 2311 582 2375 et
603 2310 771 2377 sanctitate
802 2308 859 2375 hoo
888 2313 953 2375 tam
982 2308 1138 2393 praeclaro
1169 2328 1294 2375 mouere
1324 2309 1384 2375 sibi
1411 2308 1460 2373 di·

223 2411 338 2477 vinitus
362 2412 475 2479 collato
498 2413 586 2497 fungi
608 2416 757 2498 oportere.

327 2518 357 2584 2.
385 2516 444 2599 Qui
470 2517 507 2582 ad
531 2517 737 2584 sacerdotium
760 2518 898 2601 provecti
919 2519 1004 2594 sunt,
1027 2518 1159 2602 primam
1180 2518 1307 2583 Missam
1331 2537 1390 2583 non
1413 2536 1461 2581 cs·

223 2620 343 2685 lebrent
365 2620 479 2707 absque
501 2620 650 2687 facultate
673 2642 692 2688 a
714 2622 811 2689 Nobis
835 2641 889 2705 per
912 2623 1034 2688 litteras
1053 2622 1143 2699 data:
1168 2642 1245 2706 quae
1262 2621 1374 2687 nemini
1390 2640 1459 2685 cou-

224 2724 358 2802 cedatur,
384 2724 442 2790 nisi
463 2726 547 2808 prius
570 2728 635 2790 eius
658 2745 812 2791 sacrorum
837 2726 955 2791 rituum
978 2726 1090 2810 peritia
1111 2726 1287 2793 testimonio
1309 2744 1460 2789 caeremo-

224 2830 343 2892 niarum
368 2829 512 2913 magistri
532 2830 630 2895 Nobis
652 2829 744 2895 luerit
759 2831 978 2915 comprobata:
1002 2832 1082 2914 quod
1099 2829 1309 2897 testimouium
1324 2827 1459 2893 dandum

224 2933 283 2997 erit
306 2951 431 2997 assensu
455 2933 565 2999 saltem
590 2935 679 2999 utrius
698 2954 732 2999 ex
748 2935 903 3002 canonicis
919 2935 1032 3019 quibus
1048 2935 1218 3000 curandum
1234 2936 1331 2998 estut
1350 2932 1463 2997 blissae

224 3035 434 3102 caeremoniae
461 3038 521 3103 rita
551 3039 783 3125 peragentem).
837 3039 986 3105 Volumus
1021 3042 1125 3105 autem
1159 3044 1190 3104 et
1222 3038 1406 3102 mandamus
1428 3037 1464 3100 nt

223 3140 317 3205 iidem
340 3141 515 3208 sacerdotes
543 3142 654 3209 saltem
677 3162 729 3227 per
753 3143 978 3209 hebdomadam
1009 3163 1079 3209 cum
1103 3144 1271 3211 assessione
1293 3139 1464 3209 sacerdotis

224 3262 327 3311 sacros
350 3245 429 3311 ritus
452 3245 596 3313 callentis
619 3247 745 3313 blissam
769 3247 933 3313 celebrent.

328 3348 357 3416 3.
377 3348 594 3419 Sacerdotibus
617 3370 686 3417 voro
709 3352 830 3417 alienae
852 3351 1003 3417 dioecesis
1026 3352 1120 3417 liceat
1143 3372 1195 3435 per
1216 3353 1285 3418 octo
1305 3351 1372 3416 dies
1392 3369 1463 3415 cou-

225 3453 327 3517 tinuoa
351 3452 479 3519 Missam
503 3455 673 3533 celebrare,
707 3457 733 3521 si
765 3455 913 3521 ecclcsiae
947 3456 1058 3521 rectori
1085 3457 1204 3521 constet
1234 3474 1286 3520 eos
1315 3455 1345 3519 in
1377 3474 1463 3519 sacro

227 3556 474 3624 Praestiteratus
504 3558 611 3625 ordine
640 3578 706 3626 esso
736 3560 939 3638 constitutos,
973 3559 1117 3643 nullaque
1148 3558 1380 3642 irregularitate
1410 3561 1465 3623 aut

225 3678 353 3726 censura
387 3661 484 3726 aliove
515 3662 734 3745 impedimento
771 3663 918 3729 irretitos.
976 3663 1090 3746 Elapso
1124 3662 1281 3748 praedicto
1317 3662 1464 3746 temporis

225 3764 342 3846 spatio,
375 3765 529 3831 celebrare
559 3785 617 3832 nou
648 3770 793 3851 poterunt
823 3787 861 3833 ue
891 3768 922 3832 in
953 3767 1092 3833 ecclesiis
1117 3766 1238 3852 quidam
1263 3767 1463 3850 regularium,

226 3868 284 3934 nisi
307 3868 482 3945 licentiam,
506 3871 684 3955 etquidem
707 3872 823 3955 scripto
845 3872 970 3951 datam,
1000 3892 1019 3935 a
1041 3877 1145 3938 nostra
1167 3871 1260 3937 Curia
1282 3872 1463 3945 ostenduam

224 3992 302 4058 quae
325 3972 369 4038 eis
391 3993 447 4038 non
471 3974 603 4053 dabitur,
628 3975 687 4042 nisi
711 3976 924 4041 authenticum
946 3996 1070 4041 suorum
1095 3975 1275 4041 Praesulum
1298 3974 1464 4039 exhibeant

225 4077 447 4144 testimonium.
470 4078 502 4143 sl
530 4098 599 4144 aero
619 4099 676 4145 uon
702 4080 794 4163 probo
818 4081 883 4145 uoti
899 4082 964 4146 sint
979 4080 1127 4146 ecclesiae
1145 4080 1266 4157 rectori,
1288 4099 1348 4144 non
1365 4079 1465 4144 solum

226 4181 272 4245 uti
294 4182 485 4259 sacerdotes,
517 4183 568 4247 sed
598 4184 691 4248 etiam
725 4184 770 4248 uti
800 4184 953 4251 immunes
977 4205 995 4249 a
1017 4203 1210 4267 quocumque
1235 4182 1464 4265 impedimento,

227 4304 263 4349 ue
286 4304 347 4349 una
367 4286 490 4369 quidem
515 4288 580 4353 vioe
602 4288 640 4353 ad
664 4288 880 4353 celebrandum
913 4289 1139 4367 admittantur,
1171 4288 1230 4353 nisi
1261 4287 1383 4353 litteras
1414 4307 1467 4370 pa·

331 4494 357 4562 ll
375 4494 454 4552 (lonc.
478 4496 551 4553 Trid.
574 4514 638 4553 sess.
662 4496 758 4562 1111,
780 4514 838 4566 cap.
860 4500 883 4553 1.
908 4528 942 4539 -
967 4499 995 4569 2)
1014 4498 1114 4568 Synodi
1137 4498 1280 4554 Pistorieu.
1305 4501 1333 4552 ct
1358 4498 1469 4555 Pratou.

225 4578 378 4635 Columbini
397 4581 498 4647 Roscii,
519 4598 574 4652 par.
593 4584 619 4650 1,
638 4584 682 4639 tit.
700 4583 740 4638 13.
