3275 4917
239 256 303 322 298
348 271 378 328 n.
396 272 472 343 app.
491 277 520 329 er
541 271 646 344 nepus.
664 272 708 340 ra,
729 270 815 327 neor.
833 269 910 326 resa
929 271 966 325 ne
984 272 1042 324 snt.
1063 269 1150 324 near.
1172 269 1258 324 suu.
1277 269 1400 324 numm

239 445 367 532 speciali
388 443 525 523 Indnlto,
547 442 737 510 dimissorias
759 441 894 508 alumnis
916 443 994 521 suis)
1016 441 1208 508 contendant
1232 441 1371 525 praelata
1387 437 1482 506 Ineb-

239 553 310 618 tata
332 569 393 616 non
415 549 548 632 amplius
571 567 662 634 egero
685 546 811 614 lndalto
833 545 971 632 speciali,
994 548 1030 614 nt
1050 547 1191 614 domnos
1212 565 1283 612 suos
1306 563 1484 630 promovere

240 655 357 723 iaciant
393 654 430 720 ad
463 653 602 720 ordinem
630 671 751 719 sacrum
781 653 871 720 tituto
897 673 1023 720 saumae
1051 652 1224 718 munuuuio
1253 651 1377 735 propter
1404 649 1483 717 dno:

241 761 276 826 1⁰
297 759 466 825 Decretum
492 757 641 824 ›Auctis‹
666 756 712 823 sic
735 757 848 823 habet:
875 757 945 822 »lta
966 759 1003 822 nt
1025 756 1134 822 horum
1157 755 1376 822 Institntornm
1391 773 1484 840 snpe-

239 865 336 930 riorse
356 881 415 929 non
435 861 554 946 possint
574 862 606 928 in
626 863 781 946 posterum
800 914 806 927 .
825 912 858 929 ..
881 862 921 928 ad
940 879 1042 928 sacros
1062 860 1184 927 ordines
1204 861 1347 927 alumnos
1360 878 1483 944 promo·

239 987 311 1034 vere
330 966 424 1034 titulo
445 985 568 1033 mensae
591 967 781 1046 eommunis,
804 967 854 1032 vel
877 965 1051 1044 missionis,
1079 965 1137 1030 nisi
1159 965 1215 1031 hos
1237 966 1361 1030 tantum
1384 964 1484 1030 alum·

240 1091 294 1140 nos
316 1072 369 1158 qni
393 1061 465 1137 rota
487 1070 612 1154 quidem
628 1070 781 1154 simplicia
796 1071 850 1136 sed
865 1073 1014 1155 perpetua
1028 1070 1095 1154 Jam
1110 1069 1271 1136 omiserint
1287 1121 1295 1138 .
1314 1119 1322 1135 .
1338 1119 1347 1136 .
1367 1069 1415 1136 rel
1430 1069 1484 1153 qni

239 1178 391 1255 saltem,‹
417 1178 476 1242 etc.
528 1176 610 1259 crgo
638 1174 815 1260 Superiores
844 1175 954 1241 borum
981 1174 1200 1240 Institutorum
1232 1174 1373 1241 alumnos
1402 1193 1483 1253 snos,

239 1288 310 1349 uoto
329 1287 480 1364 pandus
500 1280 672 1364 protmms,
703 1279 798 1346 libere
826 1281 972 1363 poterunt
994 1280 1034 1344 ad
1055 1279 1177 1344 ordines
1199 1297 1375 1362 promovere
1394 1281 1485 1346 tituto

240 1406 366 1453 mansue
385 1385 574 1463 commuuio,
601 1385 667 1450 sine
686 1383 811 1450 indulto
834 1384 979 1468 speciali,
1003 1384 1042 1448 de
1064 1401 1125 1468 qno
1148 1402 1185 1448 ne
1209 1384 1338 1448 minima
1358 1384 1483 1468 quidem

240 1490 278 1556 lit
299 1483 425 1556 mentio.
474 1491 511 1554 2⁰
536 1488 800 1570 Quemadmodum
833 1488 864 1553 in
896 1488 1064 1554 Ordinibus
1098 1488 1293 1570 regularibus
1324 1488 1485 1556 mm

239 1595 460 1662 indissolubile
488 1592 569 1658 inter
601 1592 747 1658 Ordinem
778 1594 810 1658 ct
840 1593 1014 1677 regularem
1041 1593 1212 1675 professum
1234 1594 1391 1659 assecurat
1412 1593 1485 1658 baie

240 1699 377 1784 prolesso
399 1717 487 1764 snam
510 1715 677 1781 congruam
701 1697 957 1764 sustentationem
989 1697 1020 1762 in
1048 1700 1249 1781 perpetuum,
1280 1697 1380 1764 etsie
1401 1698 1485 1781 parit

240 1804 367 1871 tituhuu
382 1803 600 1886 paupertotie3
633 1801 678 1868 sic
704 1803 736 1868 et
759 1821 854 1881 nnnc,
885 1802 917 1868 in
942 1801 1099 1868 institutis
1122 1803 1262 1867 sotorum
1285 1802 1483 1885 simplicium,

241 1908 398 1974 vinculum
430 1907 644 1972 indissolubile
674 1907 754 1990 qnod
781 1907 905 1973 creatur
926 1906 970 1989 (si
994 1905 1110 1971 decreti
1136 1906 1300 1988 »nnotieq
1328 1905 1409 1971 inter
1430 1905 1482 1972 ln·

242 2012 391 2078 stitutum
411 2014 444 2076 et
466 2011 641 2089 alumnum,
670 2015 828 2076 assecurat
856 2011 927 2076 huic
957 2011 1082 2075 alumno
1108 2028 1195 2075 snam
1220 2029 1388 2094 congruam
1412 2029 1482 2076 sns-

242 2115 446 2181 tentationem
471 2115 501 2178 in
527 2120 718 2198 perpetuum,
743 2117 774 2179 et
797 2116 843 2179 sic
864 2133 971 2198 parere
993 2115 1086 2179 debet
1108 2116 1234 2182 titulum
1256 2135 1382 2182 mansue
1402 2137 1484 2183 eosa-

241 2221 365 2298 mrusis,
387 2219 462 2302 quin
485 2217 661 2302 requiretur
682 2217 845 2284 Indnltnm
867 2219 1017 2302 speciale,
1049 2219 1128 2303 qaod
1153 2237 1234 2285 nunc
1257 2224 1339 2286 esset
1360 2238 1484 2303 prorsus

242 2324 362 2389 inutile.
402 2322 466 2389 abi
490 2342 560 2388 reto
582 2324 690 2389 tenent
713 2323 815 2388 adhuc
837 2322 952 2407 requiri
978 2322 1136 2389 indultum
1159 2324 1292 2408 speciale
1314 2324 1354 2389 ad
1376 2325 1485 2390 bosut

241 2428 371 2495 clericus
399 2428 430 2494 in
462 2426 740 2513 congregationem
773 2430 912 2494 votorum
943 2427 1133 2512 simplicium
1159 2428 1283 2505 vivens,
1313 2429 1485 2512 promoveri

241 2533 339 2617 possit
361 2531 401 2596 sd
424 2532 561 2598 ordinem
583 2551 704 2598 sacrum
728 2533 819 2600 tituto
841 2554 967 2600 musae
988 2534 1169 2600 wmmuuu.
1208 2533 1274 2598 Hae
1291 2537 1367 2599 sunt
1388 2533 1484 2600 ratio-

242 2655 311 2703 nes:
343 2636 377 2700 1⁰
402 2636 525 2702 Titulus
546 2657 671 2703 mersae
696 2639 870 2704 commuuio
899 2639 947 2702 est
969 2637 1229 2703 extraordinarios
1251 2641 1283 2704 et
1309 2638 1485 2703 contrarius

241 2739 414 2818 communi,
436 2739 563 2824 ideoque
587 2741 717 2824 requirit
740 2741 901 2806 Indnltnm
924 2741 1075 2824 speciale,
1101 2743 1147 2806 nti
1170 2744 1350 2808 constater
1374 2742 1484 2808 multis

241 2844 433 2910 documentis
467 2844 637 2925 canonisis,
673 2865 701 2910 r.
732 2864 761 2929 g.
792 2864 829 2909 ex
860 2845 1068 2911 instructione
1098 2845 1128 2913 S.
1161 2845 1417 2930 congregationis
1447 2847 1484 2913 de

242 2949 375 3033 Propag.
401 2948 492 3025 cide,
515 2949 554 3016 de
574 2949 665 3016 euub
687 2950 917 3029 ordinationis,
941 2950 1004 3014 diei
1025 2950 1078 3015 26.
1102 2950 1218 3032 Aprilis
1243 2952 1345 3029 1871,
1367 2952 1400 3016 in
1423 2971 1485 3035 qus

241 3051 271 3120 S.
289 3054 365 3119 haec
380 3051 532 3138 cnngreg.
549 3053 581 3119 id
597 3054 710 3119 diserte
726 3057 757 3120 et
774 3053 944 3122 formaliter
960 3056 1058 3122 docet.
1073 3091 1111 3102 -
1125 3057 1161 3120 2⁰
1173 3055 1209 3120 In
1226 3056 1316 3120 Bulla
1334 3056 1484 3140 ›Aposto-

241 3158 318 3224 licao
334 3155 452 3237 cedias
478 3159 517 3226 de
530 3157 806 3241 Suspeseos'ouidas,
830 3159 859 3243 ξ.
876 3159 906 3238 4,
927 3162 1033 3242 aperte
1049 3159 1202 3225 traditor:
1227 3158 1483 3244 »suspensionem

241 3281 295 3346 per
324 3281 438 3328 annum
469 3281 487 3326 a
515 3263 680 3328 collatione
711 3263 852 3329 ordinum
882 3263 948 3347 ipso
974 3264 1043 3348 jure
1074 3264 1223 3341 incurrit,
1253 3263 1323 3347 qui,
1357 3267 1484 3348 excepto

240 3385 314 3431 casu
335 3365 469 3450 legitimi
492 3367 661 3451 privilegii,
698 3366 837 3432 ordinem
867 3387 990 3434 sacrum
1023 3367 1206 3447 contulerit,
1242 3369 1357 3452 absque
1390 3368 1485 3436 titulo

242 3469 381 3536 beneticii
405 3469 453 3536 vel
473 3469 670 3553 patrimonii,
703 3470 814 3537 clerico
843 3471 873 3536 in
901 3472 1005 3557 aliqua
1028 3472 1273 3558 congregatione
1296 3473 1427 3553 virenti,
1452 3475 1484 3538 in

240 3593 301 3658 qua
324 3574 469 3639 solemnis
501 3573 646 3658 prolessio
676 3594 735 3640 non
762 3575 936 3654 emittitur,
969 3577 1018 3640 nel
1051 3578 1145 3641 etiam
1177 3577 1322 3662 religioso
1348 3578 1484 3645 nondum

241 3677 405 3762 protenso«
456 3679 548 3744 Porro
567 3678 691 3746 omnino
714 3679 896 3746 incredibile
919 3681 1068 3763 estquod
1090 3681 1122 3747 S.
1145 3681 1352 3765 Congrogatio
1372 3683 1428 3766 Ep.
1452 3684 1485 3748 et

241 3782 318 3866 Reg.
348 3801 402 3865 per
436 3783 591 3848 decretum
627 3785 774 3849 »Auctis«
811 3784 1007 3867 derogaverit
1040 3785 1112 3851 huic
1147 3786 1257 3852 Bollae
1293 3786 1483 3866 Pontificiae,

240 3885 333 3970 idque
356 3887 451 3953 tacite
474 3891 505 3952 et
529 3887 614 3953 nulla
636 3886 674 3953 de
697 3906 735 3954 ea
758 3887 841 3954 lacta
863 3888 1026 3955 montione.
1054 3926 1096 3936 —
1124 3892 1161 3955 3⁰
1184 3890 1340 3956 Mirantur
1362 3891 1484 3975 patroni

241 3991 334 4075 bojas
358 3993 532 4058 sententiae
558 3993 635 4056 lianc
654 4011 742 4057 snam
768 3991 1054 4076 interpretationem
1076 3995 1107 4060 in
1124 3994 1252 4060 dubium
1273 3997 1312 4060 ab
1328 3996 1485 4082 aliquibus

241 4098 359 4175 vocari,
389 4115 483 4180 qnnrn
515 4097 571 4162 boc
593 4095 781 4178 ipsissimum
805 4097 963 4164 decretum
990 4099 1152 4175 ›ductis‹
1188 4119 1248 4182 quo
1275 4101 1341 4166 solo
1372 4101 1485 4166 nititur

240 4197 340 4266 altera
361 4200 533 4279 sententia,
564 4219 705 4284 expresse
736 4200 857 4267 firmam
887 4203 1002 4270 retinet
1032 4205 1065 4288 (fi
1091 4205 1215 4272 atron
1235 4205 1484 4289 resonantibus)

241 4302 503 4386 constitutionem
528 4303 558 4370 S.
585 4305 633 4370 Pii
651 4305 686 4372 V.
714 4306 891 4373 »Romanus
912 4308 1071 4374 Pontifex«
1096 4308 1157 4374 diei
1181 4309 1230 4375 14.
1246 4309 1316 4378 cet.
1335 4310 1427 4388 1568,
1451 4309 1485 4376 in

240 4425 303 4491 qua
325 4427 360 4472 ex
384 4409 518 4490 prolesso
541 4409 592 4476 hio
615 4410 754 4476 Pontifex
773 4411 932 4480 decretum
947 4411 979 4479 S.
996 4412 1126 4479 concilii
1142 4413 1316 4480 'tridentini
1331 4435 1409 4482 sese.
1426 4421 1484 4492 21,

240 4512 279 4576 de
303 4511 391 4594 liet,
423 4513 462 4577 de
486 4515 671 4580 necessitate
693 4515 796 4593 tituli,
828 4516 968 4581 beneficii
1001 4517 1047 4582 sel
1081 4517 1258 4600 patrimonii
1281 4518 1421 4584 extendit
1443 4518 1483 4584 sd

240 4633 346 4683 omnes
370 4615 497 4681 elericos
521 4617 550 4680 in
575 4619 876 4703 congregationibus
898 4624 1039 4686 notorum
1059 4622 1249 4705 simplicium
1272 4624 1428 4704 virentes,
1452 4624 1484 4688 et
