3275 4917
407 307 550 378 Spanum
570 307 770 364 &stomensis
790 313 820 363 el
841 288 1001 364 badanola
1020 325 1049 362 a.
1068 307 1152 364 1892.
1336 287 1400 354 229

159 481 324 565 Speramus
344 483 428 545 enim
450 479 514 546 lore
537 481 587 557 ut,
618 479 876 564 quemadmodum
902 478 964 546 late
991 479 1166 563 pervulgati
1189 483 1263 546 eunt
1285 498 1401 545 errores

160 586 272 670 quibus
295 585 350 650 illa
373 585 487 651 relcrta
509 585 574 662 est,
597 586 644 649 ita
665 585 764 649 serius
786 585 872 650 ocius
895 584 1105 668 persoluetur,
1129 584 1207 649 nibil
1231 585 1261 648 in
1286 587 1401 662 nostra,

161 691 192 756 ni
215 690 367 768 fallimur,
398 689 550 756 contineri
580 689 662 772 qnod
691 709 761 754 cum
786 689 940 754 Ecclesiae
962 689 1101 754 doctrina
1122 691 1216 772 atque
1239 688 1402 772 disciplina

161 814 219 861 non
242 796 411 879 congruam
441 793 569 876 ideoque
598 812 757 875 speramus
783 792 849 858 lore
878 795 972 859 ctiam
1005 796 1042 858 ut
1070 812 1176 859 omnes
1207 793 1260 874 qui
1283 792 1321 857 de
1345 792 1402 858 bac

161 899 301 965 Dloecesi
324 918 382 964 non
405 901 490 963 recte
511 898 665 972 sentiunt,
698 915 771 962 snas
792 899 985 962 commutent
1007 898 1180 980 opiniones,
1212 901 1244 962 et
1275 897 1401 962 tandem

160 1004 303 1069 desinant
333 1003 530 1085 pistorienses
560 1002 744 1067 iansenistas
770 1006 803 1066 et
837 1002 994 1085 appellare
1024 1002 1057 1066 et
1089 1002 1273 1066 existimare.
1326 1000 1402 1081 Quis

161 1108 241 1174 enim
265 1107 381 1172 clerum
405 1107 493 1171 illum
518 1106 695 1170 iansenismi
719 1106 789 1170 labe
811 1106 1005 1189 inquinatum
1027 1105 1209 1184 crediderit,
1233 1125 1324 1189 quem
1347 1123 1401 1170 aa·

160 1212 263 1290 dierit,
287 1211 339 1276 nbi
370 1211 445 1276 olim
468 1212 592 1294 signum
617 1210 793 1276 rebellionis
815 1211 847 1275 in
871 1213 1012 1275 sanctam
1034 1209 1144 1276 Sedem
1169 1211 1328 1276 sublatum
1345 1213 1402 1286 est,

160 1317 217 1396 ibi,
244 1316 390 1399 llpiscopo
413 1333 467 1383 sno
490 1316 569 1381 duee
589 1319 621 1380 et
644 1315 785 1397 auspice,
815 1315 915 1380 eidem
943 1317 1071 1380 sauctae
1094 1314 1166 1380 Sedi
1189 1315 1320 1380 maxime
1343 1315 1399 1377 ad·

160 1420 277 1486 dictum
299 1439 366 1486 sese
388 1419 560 1485 ostendisse
583 1422 676 1503 atque
695 1419 868 1484 deuotum?
896 1419 1091 1503 Quemquam
1108 1421 1212 1484 antem
1229 1419 1294 1484 Nos
1310 1418 1402 1502 probe

161 1525 352 1601 noverimus,
385 1525 575 1590 venerabiles
602 1524 744 1601 Fratres,
777 1541 830 1588 ros
865 1523 978 1606 pluries
1013 1525 1175 1588 memorati
1205 1523 1404 1589 conciliabuli

161 1630 275 1713 placita
297 1629 378 1693 inter
401 1628 580 1694 nefandiora
601 1632 778 1693 commenta
792 1646 871 1710 quae
888 1647 1023 1710 unquam
1039 1628 1124 1694 edita
1140 1627 1265 1702 fuerint,
1284 1645 1404 1709 semper

162 1733 318 1810 babuisse,
338 1732 507 1815 eademque
522 1734 587 1796 toto
604 1734 726 1815 pectore
741 1736 898 1796 ereoretos
913 1733 1015 1806 fuisse,
1041 1735 1155 1809 temen,
1177 1732 1320 1814 quoniam
1337 1735 1403 1796 tam

160 1839 331 1920 opportuna
352 1839 480 1919 tamque
501 1836 648 1902 solemnis
670 1835 789 1901 occasio
812 1854 878 1900 sese
907 1835 1029 1914 obiicit,
1064 1835 1159 1900 Nobis
1191 1835 1330 1918 expedire
1354 1836 1398 1900 ri·

161 1942 251 2006 detur
273 1944 309 2006 ut
331 1942 397 2005 tam
417 1939 604 2005 laudabilem
625 1940 859 2018 execrationem,
879 1958 972 2025 qoam
990 1940 1111 2023 saepius
1129 1938 1329 2005 manifestare
1346 1959 1403 2004 nou

162 2045 346 2123 dubitastis,
374 2045 525 2128 expressis
552 2044 653 2109 serbis
680 2045 850 2119 renovetis;
884 2063 963 2128 quae
997 2044 1173 2128 longinquis
1208 2047 1241 2110 et
1275 2045 1403 2127 posteris

160 2150 300 2234 obsequii
331 2150 425 2214 vestri
457 2147 488 2213 in
523 2148 734 2232 spostolleam
764 2147 876 2214 Sedam
899 2152 983 2214 extat
1006 2151 1248 2214 monumentum.
1295 2149 1405 2214 Placet

160 2254 257 2338 igitur
280 2253 366 2320 robis
385 2253 553 2320 Nobiscum
579 2253 758 2319 Riccianum
778 2253 1017 2317 conciliabulum
1042 2253 1153 2318 iterum
1175 2257 1267 2336 atque
1290 2255 1402 2319 iterum

159 2360 322 2442 reprobare
344 2360 376 2422 et
397 2376 549 2441 respuere,
572 2377 607 2420 eo
628 2357 752 2440 quidem
771 2375 863 2423 sensu
884 2377 944 2441 quo
964 2357 1003 2422 ab
1019 2357 1195 2441 Apostolica
1211 2356 1300 2435 Sede,
1324 2358 1402 2422 reri-

160 2464 237 2527 tatis
258 2461 417 2527 infallibili
441 2462 609 2544 magistra,
637 2481 691 2545 per
724 2461 846 2526 Bullam
874 2462 1041 2529 Auctorem
1068 2463 1148 2545 pidet
1179 2463 1341 2544 reprobata
1371 2465 1404 2526 et

163 2566 368 2632 condemnata
389 2566 438 2630 est
451 2561 504 2652 1)l

266 2671 311 2736 Ex
335 2671 392 2736 bac
416 2672 516 2736 restra
539 2670 777 2738 concordissima
800 2670 1032 2748 acclamatione,
1060 2672 1248 2738 venerabiles
1273 2671 1403 2754 Fratres,

163 2775 228 2841 Nos
249 2774 436 2840 ineffabilem
461 2775 614 2840 laetitiam
638 2778 671 2840 et
694 2776 887 2859 voluptatem
911 2775 1114 2859 percipimus;
1146 2777 1213 2859 ipsa
1241 2778 1322 2842 eninr
1351 2798 1401 2843 no·

162 2899 235 2946 rum
257 2882 306 2945 est
328 2881 547 2963 argumentum
570 2879 686 2944 clerum
710 2880 925 2964 pistoriensem
949 2898 1007 2946 non
1028 2881 1127 2946 solnm
1145 2882 1327 2948 ianeeniemo
1345 2882 1402 2947 mi·

160 2983 244 3049 nime
267 2983 416 3049 infectum
439 3002 515 3060 esse,
539 2983 593 3048 sed
613 2988 721 3050 contra
736 3003 860 3067 prorsus
876 2985 915 3050 ab
930 2984 984 3049 illo
1000 2984 1172 3060 abhorrere,
1194 2985 1403 3070 sinceramque

164 3089 317 3154 Ecclesiae
340 3088 511 3153 doctrinam
534 3090 639 3153 tenere
661 3089 694 3152 et
714 3088 851 3171 profiteri
872 3107 941 3154 corn
968 3087 1101 3153 maximo
1130 3089 1160 3152 in
1184 3093 1323 3154 sanctam
1347 3090 1401 3155 Se·

162 3193 232 3258 dem
248 3193 402 3276 obsequio,
425 3194 460 3257 nt
475 3190 605 3274 dignum
620 3194 678 3269 est,
701 3197 733 3257 et
750 3193 938 3276 reserantia3
962 3192 1119 3276 Nobisque
1136 3193 1303 3276 pleniorem
1318 3213 1403 3276 spem

163 3297 254 3363 alfort
283 3314 336 3362 vos
365 3296 457 3361 buius
479 3295 593 3380 Synodi
616 3296 890 3362 constitutionibus
912 3315 978 3362 csse
1001 3296 1273 3379 obtemperaturos.
1318 3298 1404 3378 Quae

162 3401 385 3486 obtemperatio
411 3400 535 3466 omnino
558 3401 730 3466 necessaria
753 3407 810 3470 ast.
856 3399 992 3486 Quisque
1022 3401 1105 3466 enim
1134 3401 1226 3467 facile
1254 3401 1405 3487 intelligit

162 3507 289 3572 minime
310 3505 497 3589 sperandum
518 3524 587 3572 esse
609 3524 645 3571 ex
664 3506 780 3573 eisdem
802 3506 1077 3574 constitutionibus
1101 3505 1292 3590 profectura,
1324 3526 1405 3591 quae

162 3611 356 3693 exposuimus
381 3611 470 3689 bona,
494 3609 554 3675 nisi
576 3629 630 3676 eae
653 3611 844 3677 adamussim
864 3612 1065 3678 observentur
1089 3660 1096 3676 .
1122 3661 1130 3676 .
1156 3663 1163 3680 .

562 3765 804 3835 Constitrtionee
825 3769 1001 3855 wandalos.

515 3905 1054 3989 Poanemouneos...

266 4040 339 4127 Gap.
364 4041 391 4107 l.
426 4041 472 4108 De·
493 4041 554 4108 lide
576 4046 710 4111 tenenda
733 4094 743 4112 .
766 4095 807 4114 ..
934 4059 939 4065 ·

265 4146 338 4231 (lap.
362 4145 405 4214 Π.
440 4147 487 4212 De
510 4146 570 4212 lide
593 4148 774 4230 profitenda.

267 4271 295 4335 l.
318 4269 469 4336 Omnibus
490 4268 529 4334 ad
553 4270 687 4336 salutem
709 4273 832 4338 omnino
849 4271 1020 4339 necessaria
1037 4275 1084 4337 est
1100 4271 1171 4337 fidei
1187 4271 1333 4356 professio
1349 4321 1357 4338 .
1372 4321 1403 4338 ..

265 4375 295 4439 2.
319 4375 384 4440 Nos
406 4376 510 4440 autem
534 4374 668 4440 decretis
693 4376 845 4442 llcclesiac
865 4377 1082 4457 inhaerentes,
1116 4376 1337 4460 praecipimus,
1369 4379 1404 4442 ut

265 4576 292 4645 1)
318 4575 373 4640 Hic
397 4593 489 4635 omues
516 4582 700 4648 mergentes,
727 4593 780 4632 nno
809 4595 855 4634 ore
884 4582 913 4634 et
939 4576 1017 4633 bonis
1043 4577 1175 4634 lateribus
1204 4578 1406 4638 aoclsmsrnntr

162 4661 282 4729 »Placet
299 4663 408 4719 omuino
426 4664 543 4734 placet«
