3275 4917
235 245 299 312 248
486 257 629 330 Spondere
650 255 851 316 Hatoroemta
870 263 898 315 et
919 256 1079 314 Proteaata
1098 275 1127 312 u.
1149 251 1229 313 1892.

234 434 314 501 lucri
334 454 393 500 non
417 433 507 500 modo
530 433 643 508 lahem,
667 431 719 497 sed
743 450 864 498 omnem
881 430 975 496 otiam
991 429 1195 514 suspicionem
1212 429 1358 515 effugiam
1381 447 1479 512 eaque

234 542 357 606 tanturn
380 558 458 624 quae
481 539 565 604 ultro
587 536 710 601 omnino
733 537 787 600 aut
803 535 946 619 legitima
962 535 1183 600 consuetudine
1200 534 1351 618 praestari
1367 533 1479 612 solent,

235 645 359 728 peracto
381 642 445 706 iam
465 640 673 718 sacramento,
698 640 837 723 recipiat.

339 766 369 830 9.
404 763 592 828 Maudamus
615 763 719 826 antem
753 761 862 826 iisdem
898 761 1055 844 parochis,
1091 763 1271 845 praesertim
1302 761 1375 825 dum
1397 760 1479 824 chri·

234 870 369 935 stiauam
392 867 563 934 doctrinam
582 866 760 950 explanant,
784 869 820 931 ut
843 865 949 932 fideles
972 866 1031 930 sihi
1054 867 1232 930 commissos
1255 864 1477 938 excellentiam,

234 973 480 1052 institutionem,
512 989 692 1049 numerum,
727 971 909 1048 materiam,
939 970 1088 1047 formam,
1119 971 1266 1035 virtutem
1293 971 1325 1034 ot
1351 968 1479 1034 effectus

235 1077 427 1162 singulorum
450 1075 719 1142 Sacramentorum
743 1077 836 1159 atquo
856 1075 952 1140 animi
975 1074 1191 1158 dispositiones
1212 1073 1325 1159 quihus
1347 1091 1384 1138 aa
1405 1074 1478 1138 snut

235 1180 420 1266 recipienda,
443 1180 608 1258 edoceaut3
643 1199 697 1245 nec
723 1180 873 1245 omittant
902 1179 1024 1244 eosdem
1056 1178 1159 1245 fideles
1184 1176 1300 1244 hortari
1322 1178 1357 1242 nt
1379 1178 1419 1243 ad
1443 1195 1479 1243 ea

235 1286 410 1371 recipienda
431 1284 579 1351 accedant
599 1283 713 1349 vestitu
729 1283 851 1349 decenti
867 1283 899 1349 at
916 1283 1072 1360 modesto;
1095 1283 1188 1348 alitor
1202 1301 1273 1349 vero
1288 1281 1479 1360 accedentes,

235 1391 262 1457 si
285 1390 442 1457 commodo
462 1389 528 1455 deri
553 1389 659 1472 possit,
682 1407 741 1454 non
764 1387 983 1453 admittantur.

340 1513 392 1580 1o.
415 1510 615 1577 Sacramenta
636 1509 670 1575 in
692 1510 795 1575 aliana
817 1509 958 1593 paroecia
980 1509 1047 1575 sine
1070 1509 1195 1593 parochi
1217 1509 1314 1594 ipsius
1328 1526 1479 1575 consensu

236 1620 292 1683 aut
313 1616 440 1682 licentia
463 1616 567 1681 nostra
591 1634 680 1680 nemo
702 1615 816 1680 audeat
838 1613 1055 1680 administrare
1068 1615 1104 1699 ¹).

650 1805 728 1888 (ἔαρ.
751 1806 801 1871 ΙΙ.
840 1804 890 1872 Dc
910 1806 1072 1888 dupttamo

342 1957 369 2022 1.
397 1955 574 2037 Baptismus
587 1953 698 2018 ceteris
713 1953 923 2018 Sacramentis
938 1955 1120 2019 necessitate
1137 1953 1313 2030 antecellit;
1336 1954 1479 2020 Christus

237 2061 318 2125 enim
344 2061 407 2124 ait:
442 2058 527 2122 »Nisi
559 2058 628 2140 quis
651 2060 775 2122 renatus
799 2057 891 2121 luerit
915 2077 950 2122 er
974 2077 1054 2142 aqua
1077 2061 1107 2123 et
1130 2057 1246 2142 Spiritu
1271 2063 1391 2136 sancto,
1420 2077 1479 2124 non

238 2165 339 2246 potest
361 2163 489 2227 introire
511 2161 543 2224 iu
567 2180 694 2243 regnum
721 2161 844 2242 Bei‘).‹
893 2160 1030 2226 Sollicite
1059 2162 1156 2246 igitur
1189 2165 1392 2248 accurateque
1424 2163 1481 2228 hoc

239 2267 479 2351 regenerationis
514 2265 746 2330 Sacramentum
781 2265 952 2330 infantibus
986 2265 1194 2332 administrari
1229 2267 1335 2343 dehet,
1376 2287 1413 2334 ne
1448 2268 1478 2330 in

238 2371 407 2455 periculum
432 2374 596 2454 perpetuae
618 2369 801 2435 exclusionis
824 2389 843 2434 a
867 2369 1010 2434 beatifica
1032 2370 1145 2435 visione
1170 2371 1224 2435 Dei
1249 2370 1449 2437 adducantur.

340 2496 371 2559 2.
405 2493 533 2558 Parochi
565 2492 670 2576 itaque
701 2511 790 2574 saepe
814 2495 959 2558 moueant
988 2494 1131 2576 populum
1163 2495 1198 2557 nt
1224 2493 1316 2558 iidem
1346 2493 1481 2559 infantes

238 2617 330 2681 qnam
352 2597 504 2672 ocissime,
527 2597 706 2678 pracsertim
730 2615 799 2662 cum
824 2615 929 2661 eorum
953 2597 1015 2661 vita
1032 2598 1063 2661 in
1078 2598 1247 2680 pericnlum
1264 2617 1300 2662 ac
1316 2598 1481 2663 discrimen

239 2704 381 2779 vocatur,
415 2700 454 2764 ad
487 2699 646 2765 ecclesiam
680 2700 855 2783 baptizandi
890 2700 1077 2765 deierantur.
1127 2702 1291 2767 Praeterea
1315 2702 1403 2768 illum
1426 2703 1481 2768 ad·

240 2807 384 2870 moneant
412 2805 471 2869 hoc
498 2807 726 2868 sacramentum
758 2823 951 2888 quacumque
974 2823 1124 2894 excausa
1148 2807 1195 2871 vel
1218 2809 1377 2890 praetextu
1400 2807 1484 2872 ultra

238 2913 301 2975 tres
331 2909 397 2973 dies
426 2908 544 2974 differri
578 2927 635 2974 non
666 2928 751 2991 posse
778 2909 845 2972 sine
878 2913 981 2974 clostra
1005 2910 1051 2975 val
1075 2911 1169 2975 nostri
1194 2911 1307 2976 Vinarii
1330 2910 1483 2995 generalis

239 3013 367 3099 speciali
391 3012 563 3100 licentiall.

341 3136 372 3202 3.
398 3136 577 3220 Baptismus
599 3135 746 3202 solemnis
768 3155 889 3219 sempor
907 3135 940 3200 in
956 3137 1095 3216 ccclesia,
1116 3139 1148 3202 at
1164 3137 1288 3222 quidum
1304 3135 1482 3221 parochiali,

239 3241 432 3316 coniuratum
456 3259 623 3324 numquam
648 3259 717 3306 vero
738 3241 771 3305 in
793 3240 863 3305 aliis
887 3241 1024 3307 ecclesiis
1045 3241 1094 3306 vel
1116 3241 1259 3307 oratoriis
1282 3241 1428 3324 privatis,
1453 3243 1484 3307 ct

241 3344 338 3409 multo
359 3343 461 3408 minus
482 3344 581 3421 domi,
606 3347 730 3427 excepto
753 3363 826 3410 casu
851 3346 1060 3424 necessitatis,
1092 3346 1158 3410 sino
1190 3349 1296 3411 nostra
1315 3346 1363 3410 sol
1387 3347 1483 3411 nostri

244 3446 355 3512 Vicarii
375 3447 529 3531 generalis
551 3447 686 3512 licentia.
732 3447 860 3530 Quoties
884 3453 988 3515 autom
1012 3451 1087 3514 haec
1110 3449 1235 3516 licentia
1258 3450 1367 3528 datur,
1390 3449 1485 3516 toties

240 3569 320 3635 aqua
342 3550 538 3634 baptismalis
560 3569 576 3616 e
600 3551 782 3634 baptisterio
805 3553 975 3634 parochiali
995 3554 1150 3619 afferenda
1167 3553 1363 3620 adhiheatur.
1398 3553 1484 3636 Quae

239 3655 363 3740 quidem
387 3654 563 3720 adhihenda
581 3673 701 3739 quoque
724 3655 798 3735 erit,
823 3657 910 3722 modo
934 3657 964 3722 id
989 3657 1055 3721 lieri
1075 3660 1187 3740 possit,
1213 3678 1283 3723 cum
1307 3659 1485 3742 Baptismus

240 3759 278 3824 oh
301 3777 414 3843 urgens
437 3758 546 3823 mortis
569 3758 738 3843 periculum
762 3761 830 3825 siue
852 3761 1051 3827 caeremoniis
1074 3763 1320 3828 administratur.

347 3881 377 3946 4.
411 3881 537 3962 Quoties
567 3881 677 3946 mulier
702 3883 806 3966 aliqua
830 3903 898 3948 oum
923 3884 1005 3949 sitae
1028 3883 1164 3967 periculo
1184 3884 1323 3968 paritura
1345 3888 1408 3962 est,
1431 3905 1485 3969 pa-

241 3988 351 4051 rochus
374 3987 557 4069 tempestive
582 3991 706 4051 vocetur
728 3987 766 4052 ad
790 3991 947 4052 aeternam
971 3989 1036 4054 eins
1057 3988 1190 4054 salutem
1214 3989 1400 4066 curandam,
1433 4008 1486 4054 uec

241 4091 323 4155 desit
350 4091 403 4174 qni
434 4092 569 4172 prolem,
599 4090 627 4156 si
654 4092 821 4156 necessitas
852 4097 977 4176 urgeat,
1012 4093 1155 4175 baptizet.
1203 4093 1486 4158 Animadvertimus

241 4197 345 4260 autom
368 4196 406 4257 ah
430 4193 610 4277 apostolica
630 4193 708 4260 Sede
731 4194 925 4260 declaratum
949 4196 1053 4273 luisse,
1085 4199 1171 4262 »tuto
1192 4197 1292 4262 doceri
1317 4217 1378 4264 non
1401 4215 1486 4280 posse

241 4299 274 4362 in
295 4297 410 4363 scholis
432 4298 594 4364 catholicis
618 4298 737 4364 licitam
759 4318 825 4365 esso
847 4301 1054 4383 operationem
1076 4301 1284 4386 chirurgicum
1302 4321 1394 4386 qnam
1410 4300 1486 4368 Orc·

240 4401 421 4466 nictomiam
445 4402 619 4485 appellant,
649 4404 773 4487 qnando
804 4404 941 4483 scilicet,
972 4423 1009 4470 ea
1039 4405 1169 4482 omissa,
1197 4409 1296 4472 mater
1326 4412 1357 4472 et
1383 4405 1485 4471 iulans

346 4607 372 4678 1)
391 4606 482 4664 comt
501 4610 546 4664 cit
565 4610 643 4666 Pauli
659 4609 691 4665 V.
709 4639 743 4650 -
757 4610 785 4680 2)
801 4610 880 4665 Joun.
899 4611 951 4676 111.
966 4611 992 4667 h.
1010 4639 1045 4651 -
1062 4612 1089 4681 B)
1108 4609 1172 4682 (lap.
1188 4615 1319 4681 Raptor„
1338 4613 1402 4668 dira
1414 4615 1439 4668 5.
