<?xml version="1.0" encoding="UTF-8"?>
<!DOCTYPE html PUBLIC "-//W3C//DTD XHTML 1.0 Transitional//EN"
    "http://www.w3.org/TR/xhtml1/DTD/xhtml1-transitional.dtd">
<html xmlns="http://www.w3.org/1999/xhtml" xml:lang="en" lang="en">
 <head>
  <title>
</title>
<meta http-equiv="Content-Type" content="text/html;charset=utf-8" />
  <meta name='ocr-system' content='tesseract 3.04.00' />
  <meta name='ocr-capabilities' content='ocr_page ocr_carea ocr_par ocr_line ocrx_word'/>
</head>
<body>
  <div class='ocr_page' id='page_1' title='image "./archivfrkatholi16unkngoog/archivfrkatholi16unkngoog_0432.png"; bbox 0 0 3275 4917; ppageno 0'>
   <div class='ocr_carea' id='block_1_1' title="bbox 266 256 1446 377">
    <p class='ocr_par' dir='ltr' id='par_1_1' title="bbox 266 256 1446 377">
     <span class='ocr_line' id='line_1_1' title="bbox 266 256 1446 377; baseline -0.001 -18"><span class='ocrx_word' id='word_1_1' title='bbox 266 298 450 377; x_wconf 73' lang='lat' dir='ltr'><strong>Scpmxtlisr,</strong></span> <span class='ocrx_word' id='word_1_2' title='bbox 472 296 678 374; x_wconf 74' lang='lat' dir='ltr'><strong>Designalton</strong></span> <span class='ocrx_word' id='word_1_3' title='bbox 696 304 749 359; x_wconf 80' lang='lat' dir='ltr'><strong>des</strong></span> <span class='ocrx_word' id='word_1_4' title='bbox 766 298 969 373; x_wconf 79' lang='lat' dir='ltr'><strong>Necbsolpers</strong></span> <span class='ocrx_word' id='word_1_5' title='bbox 987 303 1086 359; x_wconf 81' lang='lat' dir='ltr'><strong>durcb</strong></span> <span class='ocrx_word' id='word_1_6' title='bbox 1104 298 1165 360; x_wconf 78' lang='lat' dir='ltr'><strong>dem</strong></span> <span class='ocrx_word' id='word_1_7' title='bbox 1184 304 1288 374; x_wconf 85' lang='lat' dir='ltr'><strong>Papst.</strong></span> <span class='ocrx_word' id='word_1_8' title='bbox 1332 280 1395 353; x_wconf 78' lang='grc'><strong>427</strong></span> <span class='ocrx_word' id='word_1_9' title='bbox 1440 256 1446 267; x_wconf 40' lang='grc' dir='ltr'>Ι</span> 
     </span>
    </p>
   </div>
   <div class='ocr_carea' id='block_1_2' title="bbox 21 474 1398 770">
    <p class='ocr_par' dir='ltr' id='par_1_2' title="bbox 21 474 1398 770">
     <span class='ocr_line' id='line_1_2' title="bbox 21 474 1398 561; baseline -0.001 -18"><span class='ocrx_word' id='word_1_10' title='bbox 21 480 25 521; x_wconf 65' lang='lat' dir='ltr'>s</span> <span class='ocrx_word' id='word_1_11' title='bbox 155 478 280 545; x_wconf 82' lang='lat' dir='ltr'><strong>ductum</strong></span> <span class='ocrx_word' id='word_1_12' title='bbox 295 477 329 561; x_wconf 86' lang='lat'><strong>¹).</strong></span> <span class='ocrx_word' id='word_1_13' title='bbox 360 475 523 542; x_wconf 73' lang='lat' dir='ltr'>Caeterum</span> <span class='ocrx_word' id='word_1_14' title='bbox 541 476 581 541; x_wconf 81' lang='lat' dir='ltr'><strong>tiu</strong></span> <span class='ocrx_word' id='word_1_15' title='bbox 598 476 691 560; x_wconf 82' lang='lat'>[243]</span> <span class='ocrx_word' id='word_1_16' title='bbox 709 476 841 543; x_wconf 90' lang='lat' dir='ltr'><strong>iusmodi</strong></span> <span class='ocrx_word' id='word_1_17' title='bbox 864 476 1011 541; x_wconf 77' lang='lat' dir='ltr'><strong>abusibus</strong></span> <span class='ocrx_word' id='word_1_18' title='bbox 1025 476 1149 542; x_wconf 87' lang='lat' dir='ltr'><strong>omniuo</strong></span> <span class='ocrx_word' id='word_1_19' title='bbox 1165 474 1398 555; x_wconf 85' lang='lat' dir='ltr'><strong>occurrendum.</strong></span> 
     </span>
     <span class='ocr_line' id='line_1_3' title="bbox 21 579 1397 665; baseline -0.003 -16"><span class='ocrx_word' id='word_1_20' title='bbox 21 590 32 627; x_wconf 75' lang='grc' dir='ltr'><strong>ἲ·</strong></span> <span class='ocrx_word' id='word_1_21' title='bbox 154 582 250 649; x_wconf 85' lang='lat' dir='ltr'><strong>Suam</strong></span> <span class='ocrx_word' id='word_1_22' title='bbox 272 583 355 647; x_wconf 89' lang='lat' dir='ltr'><strong>certe</strong></span> <span class='ocrx_word' id='word_1_23' title='bbox 378 582 596 647; x_wconf 74' lang='lat' dir='ltr'><strong>conscientiam</strong></span> <span class='ocrx_word' id='word_1_24' title='bbox 621 581 739 646; x_wconf 89' lang='lat' dir='ltr'><strong>duobus</strong></span> <span class='ocrx_word' id='word_1_25' title='bbox 762 581 924 665; x_wconf 85' lang='lat' dir='ltr'><strong>praecipue</strong></span> <span class='ocrx_word' id='word_1_26' title='bbox 947 579 1128 645; x_wconf 77' lang='lat' dir='ltr'><strong>criminibus</strong></span> <span class='ocrx_word' id='word_1_27' title='bbox 1151 580 1294 663; x_wconf 81' lang='lat' dir='ltr'><strong>gravari,</strong></span> <span class='ocrx_word' id='word_1_28' title='bbox 1318 599 1397 664; x_wconf 88' lang='lat' dir='ltr'><strong>quae</strong></span> 
     </span>
     <span class='ocr_line' id='line_1_4' title="bbox 22 684 1396 770; baseline -0.003 -18"><span class='ocrx_word' id='word_1_29' title='bbox 22 694 28 735; x_wconf 69' lang='lat'><strong>&#39;·</strong></span> <span class='ocrx_word' id='word_1_30' title='bbox 156 686 248 752; x_wconf 83' lang='lat' dir='ltr'><strong>lateri</strong></span> <span class='ocrx_word' id='word_1_31' title='bbox 271 685 375 751; x_wconf 83' lang='lat' dir='ltr'><strong>vellet.</strong></span> <span class='ocrx_word' id='word_1_32' title='bbox 428 684 566 751; x_wconf 89' lang='lat' dir='ltr'><strong>Primum</strong></span> <span class='ocrx_word' id='word_1_33' title='bbox 599 684 679 770; x_wconf 91' lang='lat' dir='ltr'><strong>quod</strong></span> <span class='ocrx_word' id='word_1_34' title='bbox 712 684 894 751; x_wconf 79' lang='lat' dir='ltr'><strong>Tridentino</strong></span> <span class='ocrx_word' id='word_1_35' title='bbox 923 684 1073 750; x_wconf 76' lang='lat' dir='ltr'><strong>cardinali</strong></span> <span class='ocrx_word' id='word_1_36' title='bbox 1105 685 1137 749; x_wconf 93' lang='lat' dir='ltr'><strong>et</strong></span> <span class='ocrx_word' id='word_1_37' title='bbox 1165 685 1231 750; x_wconf 89' lang='lat' dir='ltr'><strong>sius</strong></span> <span class='ocrx_word' id='word_1_38' title='bbox 1259 702 1396 750; x_wconf 86' lang='lat' dir='ltr'><strong>sororum</strong></span> 
     </span>
    </p>
   </div>
   <div class='ocr_carea' id='block_1_3' title="bbox 156 787 1396 875">
    <p class='ocr_par' dir='ltr' id='par_1_3' title="bbox 156 787 1396 875">
     <span class='ocr_line' id='line_1_5' title="bbox 156 787 1396 875; baseline -0.001 -20"><span class='ocrx_word' id='word_1_39' title='bbox 156 790 231 857; x_wconf 86' lang='lat' dir='ltr'><strong>liliis</strong></span> <span class='ocrx_word' id='word_1_40' title='bbox 259 790 409 875; x_wconf 88' lang='lat' dir='ltr'><strong>quaedam</strong></span> <span class='ocrx_word' id='word_1_41' title='bbox 443 789 525 855; x_wconf 88' lang='lat' dir='ltr'><strong>sedis</strong></span> <span class='ocrx_word' id='word_1_42' title='bbox 555 788 741 873; x_wconf 90' lang='lat' dir='ltr'><strong>apostolieae</strong></span> <span class='ocrx_word' id='word_1_43' title='bbox 764 788 930 872; x_wconf 84' lang='lat' dir='ltr'><strong>vectigalis</strong></span> <span class='ocrx_word' id='word_1_44' title='bbox 959 807 1053 872; x_wconf 87' lang='lat' dir='ltr'><strong>penes</strong></span> <span class='ocrx_word' id='word_1_45' title='bbox 1074 787 1237 854; x_wconf 82' lang='lat' dir='ltr'><strong>Sosianum</strong></span> <span class='ocrx_word' id='word_1_46' title='bbox 1265 790 1297 854; x_wconf 90' lang='lat' dir='ltr'><strong>st</strong></span> <span class='ocrx_word' id='word_1_47' title='bbox 1319 787 1396 854; x_wconf 83' lang='lat' dir='ltr'><strong>ilal-</strong></span> 
     </span>
    </p>
   </div>
   <div class='ocr_carea' id='block_1_4' title="bbox 21 882 1451 1706">
    <p class='ocr_par' dir='ltr' id='par_1_4' title="bbox 21 882 1451 1706">
     <span class='ocr_line' id='line_1_6' title="bbox 157 882 1451 977; baseline -0.002 -18"><span class='ocrx_word' id='word_1_48' title='bbox 157 894 266 959; x_wconf 90' lang='lat' dir='ltr'><strong>lesium</strong></span> <span class='ocrx_word' id='word_1_49' title='bbox 296 892 497 961; x_wconf 75' lang='lat' dir='ltr'><strong>concessisset</strong></span> <span class='ocrx_word' id='word_1_50' title='bbox 526 912 593 957; x_wconf 90' lang='lat' dir='ltr'><strong>eam</strong></span> <span class='ocrx_word' id='word_1_51' title='bbox 625 893 664 958; x_wconf 94' lang='lat' dir='ltr'><strong>ob</strong></span> <span class='ocrx_word' id='word_1_52' title='bbox 695 912 843 973; x_wconf 89' lang='lat' dir='ltr'><strong>oausam,</strong></span> <span class='ocrx_word' id='word_1_53' title='bbox 874 891 956 977; x_wconf 86' lang='lat' dir='ltr'><strong>qnod</strong></span> <span class='ocrx_word' id='word_1_54' title='bbox 987 893 1019 957; x_wconf 93' lang='lat' dir='ltr'><strong>in</strong></span> <span class='ocrx_word' id='word_1_55' title='bbox 1054 891 1243 957; x_wconf 78' lang='lat' dir='ltr'><strong>Tridentino</strong></span> <span class='ocrx_word' id='word_1_56' title='bbox 1268 891 1398 958; x_wconf 91' lang='lat' dir='ltr'><strong>concilio</strong></span> <span class='ocrx_word' id='word_1_57' title='bbox 1446 882 1451 889; x_wconf 75' lang='grc'>’</span> 
     </span>
     <span class='ocr_line' id='line_1_7' title="bbox 21 994 1399 1081; baseline -0.002 -17"><span class='ocrx_word' id='word_1_58' title='bbox 21 1010 28 1055; x_wconf 83' lang='grc' dir='ltr'><strong>·ῑ</strong></span> <span class='ocrx_word' id='word_1_59' title='bbox 157 997 256 1064; x_wconf 87' lang='lat' dir='ltr'><strong>mulia</strong></span> <span class='ocrx_word' id='word_1_60' title='bbox 279 997 391 1062; x_wconf 88' lang='lat' dir='ltr'><strong>damna</strong></span> <span class='ocrx_word' id='word_1_61' title='bbox 414 1014 522 1080; x_wconf 88' lang='lat' dir='ltr'><strong>passus</strong></span> <span class='ocrx_word' id='word_1_62' title='bbox 545 1000 643 1079; x_wconf 80' lang='lat' dir='ltr'><strong>esset3</strong></span> <span class='ocrx_word' id='word_1_63' title='bbox 665 997 696 1063; x_wconf 91' lang='lat' dir='ltr'><strong>id</strong></span> <span class='ocrx_word' id='word_1_64' title='bbox 720 996 800 1081; x_wconf 92' lang='lat' dir='ltr'><strong>quod</strong></span> <span class='ocrx_word' id='word_1_65' title='bbox 825 996 938 1063; x_wconf 83' lang='lat' dir='ltr'><strong>laisum</strong></span> <span class='ocrx_word' id='word_1_66' title='bbox 962 994 1178 1074; x_wconf 85' lang='lat' dir='ltr'><strong>existimabat,</strong></span> <span class='ocrx_word' id='word_1_67' title='bbox 1201 1016 1272 1061; x_wconf 90' lang='lat' dir='ltr'><strong>cum</strong></span> <span class='ocrx_word' id='word_1_68' title='bbox 1296 996 1399 1080; x_wconf 85' lang='lat' dir='ltr'><strong>potius</strong></span> 
     </span>
     <span class='ocr_line' id='line_1_8' title="bbox 21 1098 1397 1185; baseline -0.001 -18"><span class='ocrx_word' id='word_1_69' title='bbox 21 1118 23 1155; x_wconf 73' lang='lat'><em>2</em></span> <span class='ocrx_word' id='word_1_70' title='bbox 155 1103 184 1167; x_wconf 91' lang='lat' dir='ltr'><strong>ei</strong></span> <span class='ocrx_word' id='word_1_71' title='bbox 206 1101 369 1167; x_wconf 84' lang='lat' dir='ltr'><strong>concilium</strong></span> <span class='ocrx_word' id='word_1_72' title='bbox 393 1101 478 1166; x_wconf 88' lang='lat' dir='ltr'><strong>lucro</strong></span> <span class='ocrx_word' id='word_1_73' title='bbox 500 1099 594 1167; x_wconf 89' lang='lat' dir='ltr'><strong>luisse</strong></span> <span class='ocrx_word' id='word_1_74' title='bbox 618 1101 859 1183; x_wconf 62' lang='lat' dir='ltr'><strong>existimaretil.</strong></span> <span class='ocrx_word' id='word_1_75' title='bbox 895 1098 1013 1166; x_wconf 86' lang='lat' dir='ltr'><strong>Deinde</strong></span> <span class='ocrx_word' id='word_1_76' title='bbox 1035 1099 1116 1184; x_wconf 89' lang='lat' dir='ltr'><strong>qnod</strong></span> <span class='ocrx_word' id='word_1_77' title='bbox 1138 1099 1170 1164; x_wconf 88' lang='lat' dir='ltr'><strong>iu</strong></span> <span class='ocrx_word' id='word_1_78' title='bbox 1190 1118 1264 1185; x_wconf 84' lang='lat' dir='ltr'><strong>agro</strong></span> <span class='ocrx_word' id='word_1_79' title='bbox 1280 1100 1397 1166; x_wconf 85' lang='lat' dir='ltr'><strong>Castel-</strong></span> 
     </span>
     <span class='ocr_line' id='line_1_9' title="bbox 21 1203 1398 1290; baseline -0.002 -19"><span class='ocrx_word' id='word_1_80' title='bbox 21 1224 23 1261; x_wconf 62' lang='grc' dir='ltr'>ὲ</span> <span class='ocrx_word' id='word_1_81' title='bbox 156 1206 227 1272; x_wconf 91' lang='lat' dir='ltr'><strong>lano</strong></span> <span class='ocrx_word' id='word_1_82' title='bbox 256 1204 499 1271; x_wconf 86' lang='lat' dir='ltr'><strong>iurisdietionem</strong></span> <span class='ocrx_word' id='word_1_83' title='bbox 529 1205 684 1290; x_wconf 90' lang='lat' dir='ltr'><strong>quandam</strong></span> <span class='ocrx_word' id='word_1_84' title='bbox 719 1203 805 1272; x_wconf 82' lang='lat' dir='ltr'><strong>lulio</strong></span> <span class='ocrx_word' id='word_1_85' title='bbox 839 1203 985 1270; x_wconf 76' lang='lat' dir='ltr'><strong>Budalino</strong></span> <span class='ocrx_word' id='word_1_86' title='bbox 1018 1203 1179 1283; x_wconf 76' lang='lat' dir='ltr'><strong>donasset,</strong></span> <span class='ocrx_word' id='word_1_87' title='bbox 1216 1205 1304 1270; x_wconf 89' lang='lat' dir='ltr'><strong>cuins</strong></span> <span class='ocrx_word' id='word_1_88' title='bbox 1335 1204 1398 1269; x_wconf 86' lang='lat' dir='ltr'><strong>lilio</strong></span> 
     </span>
     <span class='ocr_line' id='line_1_10' title="bbox 21 1308 1399 1393; baseline -0.001 -18"><span class='ocrx_word' id='word_1_89' title='bbox 21 1330 23 1367; x_wconf 76' lang='grc' dir='ltr'>ι</span> <span class='ocrx_word' id='word_1_90' title='bbox 158 1310 315 1377; x_wconf 89' lang='lat' dir='ltr'><strong>Borromei</strong></span> <span class='ocrx_word' id='word_1_91' title='bbox 345 1308 512 1375; x_wconf 87' lang='lat' dir='ltr'><strong>cardinalis</strong></span> <span class='ocrx_word' id='word_1_92' title='bbox 545 1310 699 1375; x_wconf 89' lang='lat' dir='ltr'><strong>sobrinam</strong></span> <span class='ocrx_word' id='word_1_93' title='bbox 736 1312 865 1393; x_wconf 86' lang='lat' dir='ltr'><strong>nuptum</strong></span> <span class='ocrx_word' id='word_1_94' title='bbox 874 1313 901 1390; x_wconf 82' lang='lat'><strong>⁸)</strong></span> <span class='ocrx_word' id='word_1_95' title='bbox 933 1308 1076 1375; x_wconf 88' lang='lat' dir='ltr'><strong>dedisset.</strong></span> <span class='ocrx_word' id='word_1_96' title='bbox 1132 1308 1200 1375; x_wconf 89' lang='lat' dir='ltr'><strong>Hoc</strong></span> <span class='ocrx_word' id='word_1_97' title='bbox 1231 1327 1264 1374; x_wconf 89' lang='lat' dir='ltr'><strong>se</strong></span> <span class='ocrx_word' id='word_1_98' title='bbox 1292 1309 1329 1374; x_wconf 88' lang='lat' dir='ltr'><strong>de</strong></span> <span class='ocrx_word' id='word_1_99' title='bbox 1350 1309 1399 1374; x_wconf 92' lang='lat' dir='ltr'><strong>sni</strong></span> 
     </span>
     <span class='ocr_line' id='line_1_11' title="bbox 21 1411 1399 1498; baseline 0.001 -23"><span class='ocrx_word' id='word_1_100' title='bbox 21 1440 23 1475; x_wconf 64' lang='lat' dir='ltr'><strong>r</strong></span> <span class='ocrx_word' id='word_1_101' title='bbox 158 1413 287 1498; x_wconf 89' lang='lat' dir='ltr'><strong>pecnnia</strong></span> <span class='ocrx_word' id='word_1_102' title='bbox 309 1414 552 1492; x_wconf 86' lang='lat' dir='ltr'><strong>satisfacturum,</strong></span> <span class='ocrx_word' id='word_1_103' title='bbox 578 1419 613 1479; x_wconf 91' lang='lat' dir='ltr'><strong>ut</strong></span> <span class='ocrx_word' id='word_1_104' title='bbox 634 1413 879 1480; x_wconf 88' lang='lat' dir='ltr'><strong>iurisdietionem</strong></span> <span class='ocrx_word' id='word_1_105' title='bbox 901 1415 1105 1497; x_wconf 84' lang='lat' dir='ltr'><strong>recuperaret.</strong></span> <span class='ocrx_word' id='word_1_106' title='bbox 1148 1411 1305 1479; x_wconf 77' lang='lat' dir='ltr'><strong>cardinali</strong></span> <span class='ocrx_word' id='word_1_107' title='bbox 1329 1430 1399 1477; x_wconf 86' lang='lat' dir='ltr'><strong>rero</strong></span> 
     </span>
     <span class='ocr_line' id='line_1_12' title="bbox 21 1515 1399 1602; baseline -0.001 -19"><span class='ocrx_word' id='word_1_108' title='bbox 21 1554 24 1567; x_wconf 44' lang='grc' dir='ltr'><em>ν</em></span> <span class='ocrx_word' id='word_1_109' title='bbox 158 1518 338 1585; x_wconf 78' lang='lat' dir='ltr'><strong>Tridentino</strong></span> <span class='ocrx_word' id='word_1_110' title='bbox 367 1536 403 1584; x_wconf 86' lang='lat' dir='ltr'><strong>ac</strong></span> <span class='ocrx_word' id='word_1_111' title='bbox 435 1517 566 1583; x_wconf 87' lang='lat' dir='ltr'><strong>casteria</strong></span> <span class='ocrx_word' id='word_1_112' title='bbox 590 1536 669 1602; x_wconf 90' lang='lat' dir='ltr'><strong>quas</strong></span> <span class='ocrx_word' id='word_1_113' title='bbox 692 1518 894 1585; x_wconf 82' lang='lat' dir='ltr'><strong>coricessissot</strong></span> <span class='ocrx_word' id='word_1_114' title='bbox 916 1516 955 1583; x_wconf 84' lang='lat' dir='ltr'><strong>ad</strong></span> <span class='ocrx_word' id='word_1_115' title='bbox 979 1517 1075 1583; x_wconf 82' lang='lat' dir='ltr'><strong>sitam</strong></span> <span class='ocrx_word' id='word_1_116' title='bbox 1097 1516 1148 1583; x_wconf 86' lang='lat' dir='ltr'><strong>rel</strong></span> <span class='ocrx_word' id='word_1_117' title='bbox 1169 1516 1209 1581; x_wconf 90' lang='lat' dir='ltr'><strong>ad</strong></span> <span class='ocrx_word' id='word_1_118' title='bbox 1232 1515 1399 1582; x_wconf 89' lang='lat' dir='ltr'><strong>secundam</strong></span> 
     </span>
     <span class='ocr_line' id='line_1_13' title="bbox 21 1621 1400 1706; baseline 0.001 -23"><span class='ocrx_word' id='word_1_119' title='bbox 21 1648 23 1683; x_wconf 74' lang='grc' dir='ltr'><em>ι</em></span> <span class='ocrx_word' id='word_1_120' title='bbox 158 1622 205 1688; x_wconf 88' lang='lat' dir='ltr'><strong>rsl</strong></span> <span class='ocrx_word' id='word_1_121' title='bbox 228 1622 266 1687; x_wconf 92' lang='lat' dir='ltr'><strong>ad</strong></span> <span class='ocrx_word' id='word_1_122' title='bbox 290 1623 415 1687; x_wconf 90' lang='lat' dir='ltr'><strong>tertiam</strong></span> <span class='ocrx_word' id='word_1_123' title='bbox 440 1622 669 1706; x_wconf 80' lang='lat' dir='ltr'><strong>generationem</strong></span> <span class='ocrx_word' id='word_1_124' title='bbox 691 1640 833 1688; x_wconf 80' lang='lat' dir='ltr'><strong>reuocare</strong></span> <span class='ocrx_word' id='word_1_125' title='bbox 855 1640 888 1687; x_wconf 87' lang='lat' dir='ltr'><strong>se</strong></span> <span class='ocrx_word' id='word_1_126' title='bbox 911 1621 1075 1705; x_wconf 87' lang='lat' dir='ltr'><strong>cogitasse,</strong></span> <span class='ocrx_word' id='word_1_127' title='bbox 1098 1639 1177 1706; x_wconf 84' lang='lat' dir='ltr'><strong>quas</strong></span> <span class='ocrx_word' id='word_1_128' title='bbox 1201 1639 1260 1686; x_wconf 87' lang='lat' dir='ltr'><strong>non</strong></span> <span class='ocrx_word' id='word_1_129' title='bbox 1275 1624 1350 1687; x_wconf 91' lang='lat' dir='ltr'><strong>sunt</strong></span> <span class='ocrx_word' id='word_1_130' title='bbox 1364 1639 1400 1686; x_wconf 87' lang='lat' dir='ltr'><strong>ex</strong></span> 
     </span>
    </p>
   </div>
   <div class='ocr_carea' id='block_1_5' title="bbox 157 1724 1398 1811">
    <p class='ocr_par' dir='ltr' id='par_1_5' title="bbox 157 1724 1398 1811">
     <span class='ocr_line' id='line_1_14' title="bbox 157 1724 1398 1811; baseline -0.002 -19"><span class='ocrx_word' id='word_1_131' title='bbox 157 1744 251 1793; x_wconf 85' lang='lat' dir='ltr'><strong>causa</strong></span> <span class='ocrx_word' id='word_1_132' title='bbox 279 1744 424 1804; x_wconf 88' lang='lat' dir='ltr'><strong>onerosa,</strong></span> <span class='ocrx_word' id='word_1_133' title='bbox 458 1744 554 1811; x_wconf 90' lang='lat' dir='ltr'><strong>eaque</strong></span> <span class='ocrx_word' id='word_1_134' title='bbox 585 1725 624 1791; x_wconf 92' lang='lat' dir='ltr'><strong>ad</strong></span> <span class='ocrx_word' id='word_1_135' title='bbox 658 1745 747 1791; x_wconf 88' lang='lat' dir='ltr'><strong>snum</strong></span> <span class='ocrx_word' id='word_1_136' title='bbox 780 1745 816 1791; x_wconf 88' lang='lat' dir='ltr'><strong>ac</strong></span> <span class='ocrx_word' id='word_1_137' title='bbox 843 1725 1139 1809; x_wconf 89' lang='lat' dir='ltr'><strong>sedisapostolicae</strong></span> <span class='ocrx_word' id='word_1_138' title='bbox 1171 1724 1398 1809; x_wconf 87' lang='lat' dir='ltr'><strong>beneplacitum</strong></span> 
     </span>
    </p>
   </div>
   <div class='ocr_carea' id='block_1_6' title="bbox 21 1830 1202 1915">
    <p class='ocr_par' dir='ltr' id='par_1_6' title="bbox 21 1830 1202 1915">
     <span class='ocr_line' id='line_1_15' title="bbox 21 1830 1202 1915; baseline -0.001 -19"><span class='ocrx_word' id='word_1_139' title='bbox 21 1860 22 1863; x_wconf 38' lang='lat'>¹</span> <span class='ocrx_word' id='word_1_140' title='bbox 158 1831 306 1915; x_wconf 78' lang='lat' dir='ltr'><strong>redigere.</strong></span> <span class='ocrx_word' id='word_1_141' title='bbox 354 1832 397 1897; x_wconf 81' lang='lat' dir='ltr'><strong>dc</strong></span> <span class='ocrx_word' id='word_1_142' title='bbox 421 1849 512 1915; x_wconf 85' lang='lat' dir='ltr'><strong>super</strong></span> <span class='ocrx_word' id='word_1_143' title='bbox 534 1830 583 1896; x_wconf 85' lang='lat' dir='ltr'><strong>his</strong></span> <span class='ocrx_word' id='word_1_144' title='bbox 606 1830 809 1896; x_wconf 88' lang='lat' dir='ltr'><strong>cardinalium</strong></span> <span class='ocrx_word' id='word_1_145' title='bbox 832 1830 1002 1896; x_wconf 86' lang='lat' dir='ltr'><strong>sententias</strong></span> <span class='ocrx_word' id='word_1_146' title='bbox 1023 1830 1202 1914; x_wconf 79' lang='lat' dir='ltr'><strong>exploravit.</strong></span> 
     </span>
    </p>
   </div>
   <div class='ocr_carea' id='block_1_7' title="bbox 158 1952 1403 3805">
    <p class='ocr_par' dir='ltr' id='par_1_7' title="bbox 158 1952 1403 3805">
     <span class='ocr_line' id='line_1_16' title="bbox 261 1952 1400 2036; baseline -0.001 -17"><span class='ocrx_word' id='word_1_147' title='bbox 261 1952 441 2019; x_wconf 85' lang='lat' dir='ltr'><strong>Cardinalas</strong></span> <span class='ocrx_word' id='word_1_148' title='bbox 452 1971 521 2018; x_wconf 87' lang='lat' dir='ltr'><strong>eum</strong></span> <span class='ocrx_word' id='word_1_149' title='bbox 534 1970 594 2017; x_wconf 90' lang='lat' dir='ltr'><strong>nno</strong></span> <span class='ocrx_word' id='word_1_150' title='bbox 610 1971 661 2018; x_wconf 90' lang='lat' dir='ltr'><strong>ore</strong></span> <span class='ocrx_word' id='word_1_151' title='bbox 674 1952 853 2017; x_wconf 86' lang='lat' dir='ltr'><strong>laudassent</strong></span> <span class='ocrx_word' id='word_1_152' title='bbox 865 1952 950 2036; x_wconf 88' lang='lat' dir='ltr'><strong>pium</strong></span> <span class='ocrx_word' id='word_1_153' title='bbox 962 1970 997 2017; x_wconf 83' lang='lat' dir='ltr'><strong>ac</strong></span> <span class='ocrx_word' id='word_1_154' title='bbox 1010 1952 1120 2035; x_wconf 80' lang='lat'>[243&#39;]</span> <span class='ocrx_word' id='word_1_155' title='bbox 1131 1952 1274 2019; x_wconf 89' lang='lat' dir='ltr'><strong>sanctum</strong></span> <span class='ocrx_word' id='word_1_156' title='bbox 1287 1954 1400 2018; x_wconf 89' lang='lat' dir='ltr'><strong>summi</strong></span> 
     </span>
     <span class='ocr_line' id='line_1_17' title="bbox 158 2055 1398 2143; baseline 0 -20"><span class='ocrx_word' id='word_1_157' title='bbox 158 2056 312 2143; x_wconf 86' lang='lat' dir='ltr'><strong>pontilicis</strong></span> <span class='ocrx_word' id='word_1_158' title='bbox 334 2056 533 2142; x_wconf 88' lang='lat' dir='ltr'><strong>propositum,</strong></span> <span class='ocrx_word' id='word_1_159' title='bbox 558 2074 618 2139; x_wconf 90' lang='lat' dir='ltr'><strong>quo</strong></span> <span class='ocrx_word' id='word_1_160' title='bbox 639 2056 810 2140; x_wconf 84' lang='lat' dir='ltr'><strong>principum</strong></span> <span class='ocrx_word' id='word_1_161' title='bbox 834 2055 1026 2122; x_wconf 83' lang='lat' dir='ltr'><strong>concordiam</strong></span> <span class='ocrx_word' id='word_1_162' title='bbox 1050 2057 1244 2140; x_wconf 86' lang='lat' dir='ltr'><strong>procurabat,</strong></span> <span class='ocrx_word' id='word_1_163' title='bbox 1267 2076 1328 2141; x_wconf 88' lang='lat' dir='ltr'><strong>qua</strong></span> <span class='ocrx_word' id='word_1_164' title='bbox 1350 2076 1398 2123; x_wconf 90' lang='lat' dir='ltr'><strong>ra·</strong></span> 
     </span>
     <span class='ocr_line' id='line_1_18' title="bbox 158 2159 1401 2246; baseline -0.001 -19"><span class='ocrx_word' id='word_1_165' title='bbox 158 2162 242 2228; x_wconf 92' lang='lat' dir='ltr'><strong>tione</strong></span> <span class='ocrx_word' id='word_1_166' title='bbox 256 2161 288 2226; x_wconf 92' lang='lat' dir='ltr'><strong>id</strong></span> <span class='ocrx_word' id='word_1_167' title='bbox 303 2161 368 2225; x_wconf 87' lang='lat' dir='ltr'><strong>lieri</strong></span> <span class='ocrx_word' id='word_1_168' title='bbox 384 2160 520 2238; x_wconf 85' lang='lat' dir='ltr'><strong>deberet,</strong></span> <span class='ocrx_word' id='word_1_169' title='bbox 543 2160 701 2241; x_wconf 87' lang='lat' dir='ltr'><strong>deputatis</strong></span> <span class='ocrx_word' id='word_1_170' title='bbox 724 2159 927 2225; x_wconf 90' lang='lat' dir='ltr'><strong>examinanda</strong></span> <span class='ocrx_word' id='word_1_171' title='bbox 948 2160 1161 2245; x_wconf 89' lang='lat' dir='ltr'><strong>relinquerunt</strong></span> <span class='ocrx_word' id='word_1_172' title='bbox 1169 2160 1217 2246; x_wconf 81' lang='grc'><strong>(1).</strong></span> <span class='ocrx_word' id='word_1_173' title='bbox 1249 2160 1401 2226; x_wconf 80' lang='lat' dir='ltr'><strong>Maximus</strong></span> 
     </span>
     <span class='ocr_line' id='line_1_19' title="bbox 158 2264 1401 2349; baseline -0.002 -17"><span class='ocrx_word' id='word_1_174' title='bbox 158 2266 186 2332; x_wconf 91' lang='lat' dir='ltr'><strong>si</strong></span> <span class='ocrx_word' id='word_1_175' title='bbox 209 2264 321 2332; x_wconf 88' lang='lat' dir='ltr'><strong>deinde</strong></span> <span class='ocrx_word' id='word_1_176' title='bbox 344 2265 462 2348; x_wconf 88' lang='lat' dir='ltr'><strong>gratias</strong></span> <span class='ocrx_word' id='word_1_177' title='bbox 485 2266 633 2348; x_wconf 84' lang='lat' dir='ltr'><strong>egerunt,</strong></span> <span class='ocrx_word' id='word_1_178' title='bbox 661 2264 741 2349; x_wconf 91' lang='lat' dir='ltr'><strong>quod</strong></span> <span class='ocrx_word' id='word_1_179' title='bbox 768 2264 892 2349; x_wconf 70' lang='lat' dir='ltr'><strong>collegi</strong></span> <span class='ocrx_word' id='word_1_180' title='bbox 920 2264 1099 2330; x_wconf 84' lang='lat' dir='ltr'><strong>libertatem</strong></span> <span class='ocrx_word' id='word_1_181' title='bbox 1122 2266 1154 2329; x_wconf 89' lang='lat' dir='ltr'><strong>st</strong></span> <span class='ocrx_word' id='word_1_182' title='bbox 1176 2264 1401 2331; x_wconf 85' lang='lat' dir='ltr'><strong>ecclesiastica·</strong></span> 
     </span>
     <span class='ocr_line' id='line_1_20' title="bbox 160 2366 1400 2452; baseline -0.001 -18"><span class='ocrx_word' id='word_1_183' title='bbox 160 2390 228 2435; x_wconf 91' lang='lat' dir='ltr'><strong>rum</strong></span> <span class='ocrx_word' id='word_1_184' title='bbox 251 2387 352 2435; x_wconf 87' lang='lat' dir='ltr'><strong>rernm</strong></span> <span class='ocrx_word' id='word_1_185' title='bbox 377 2368 637 2435; x_wconf 87' lang='lat' dir='ltr'><strong>conservationem</strong></span> <span class='ocrx_word' id='word_1_186' title='bbox 662 2370 824 2452; x_wconf 82' lang='lat' dir='ltr'><strong>tantopere</strong></span> <span class='ocrx_word' id='word_1_187' title='bbox 847 2373 1033 2452; x_wconf 86' lang='lat' dir='ltr'><strong>procuraret.</strong></span> <span class='ocrx_word' id='word_1_188' title='bbox 1069 2366 1231 2435; x_wconf 77' lang='lat' dir='ltr'><strong>Caeterum</strong></span> <span class='ocrx_word' id='word_1_189' title='bbox 1255 2369 1336 2452; x_wconf 90' lang='lat' dir='ltr'><strong>quod</strong></span> <span class='ocrx_word' id='word_1_190' title='bbox 1360 2368 1400 2434; x_wconf 88' lang='lat' dir='ltr'><strong>ad</strong></span> 
     </span>
     <span class='ocr_line' id='line_1_21' title="bbox 160 2472 1401 2557; baseline -0.001 -19"><span class='ocrx_word' id='word_1_191' title='bbox 160 2474 316 2541; x_wconf 87' lang='lat' dir='ltr'><strong>decretum</strong></span> <span class='ocrx_word' id='word_1_192' title='bbox 337 2474 461 2551; x_wconf 86' lang='lat' dir='ltr'><strong>attinet,</strong></span> <span class='ocrx_word' id='word_1_193' title='bbox 486 2492 523 2538; x_wconf 87' lang='lat' dir='ltr'><strong>us</strong></span> <span class='ocrx_word' id='word_1_194' title='bbox 546 2472 681 2556; x_wconf 83' lang='lat' dir='ltr'><strong>pontifex</strong></span> <span class='ocrx_word' id='word_1_195' title='bbox 704 2473 801 2557; x_wconf 88' lang='lat' dir='ltr'><strong>possit</strong></span> <span class='ocrx_word' id='word_1_196' title='bbox 823 2473 883 2539; x_wconf 89' lang='lat' dir='ltr'><strong>sibi</strong></span> <span class='ocrx_word' id='word_1_197' title='bbox 904 2472 1020 2557; x_wconf 89' lang='lat' dir='ltr'><strong>eligere</strong></span> <span class='ocrx_word' id='word_1_198' title='bbox 1035 2490 1250 2550; x_wconf 83' lang='lat' dir='ltr'><strong>suceessorum,</strong></span> <span class='ocrx_word' id='word_1_199' title='bbox 1274 2473 1401 2539; x_wconf 72' lang='lat' dir='ltr'><strong>tammsi</strong></span> 
     </span>
     <span class='ocr_line' id='line_1_22' title="bbox 160 2575 1402 2657; baseline -0.002 -12"><span class='ocrx_word' id='word_1_200' title='bbox 160 2596 265 2645; x_wconf 86' lang='lat' dir='ltr'><strong>omnes</strong></span> <span class='ocrx_word' id='word_1_201' title='bbox 287 2576 403 2643; x_wconf 87' lang='lat' dir='ltr'><strong>bloroni</strong></span> <span class='ocrx_word' id='word_1_202' title='bbox 426 2578 613 2643; x_wconf 87' lang='lat' dir='ltr'><strong>sententiam</strong></span> <span class='ocrx_word' id='word_1_203' title='bbox 637 2576 736 2642; x_wconf 89' lang='lat' dir='ltr'><strong>secuti</strong></span> <span class='ocrx_word' id='word_1_204' title='bbox 759 2575 886 2643; x_wconf 87' lang='lat' dir='ltr'><strong>minime</strong></span> <span class='ocrx_word' id='word_1_205' title='bbox 902 2576 932 2641; x_wconf 95' lang='lat' dir='ltr'><strong>id</strong></span> <span class='ocrx_word' id='word_1_206' title='bbox 950 2577 1155 2643; x_wconf 82' lang='lat' dir='ltr'><strong>necessarium</strong></span> <span class='ocrx_word' id='word_1_207' title='bbox 1171 2576 1402 2657; x_wconf 80' lang='lat' dir='ltr'><strong>existimabant,</strong></span> 
     </span>
     <span class='ocr_line' id='line_1_23' title="bbox 159 2680 1400 2767; baseline -0.002 -20"><span class='ocrx_word' id='word_1_208' title='bbox 159 2680 239 2767; x_wconf 89' lang='lat' dir='ltr'><strong>quod</strong></span> <span class='ocrx_word' id='word_1_209' title='bbox 262 2680 428 2747; x_wconf 76' lang='lat' dir='ltr'><strong>rorbimile</strong></span> <span class='ocrx_word' id='word_1_210' title='bbox 451 2701 508 2747; x_wconf 91' lang='lat' dir='ltr'><strong>non</strong></span> <span class='ocrx_word' id='word_1_211' title='bbox 532 2683 614 2747; x_wconf 88' lang='lat' dir='ltr'><strong>esset</strong></span> <span class='ocrx_word' id='word_1_212' title='bbox 636 2680 753 2748; x_wconf 88' lang='lat' dir='ltr'><strong>christi</strong></span> <span class='ocrx_word' id='word_1_213' title='bbox 776 2682 924 2747; x_wconf 85' lang='lat' dir='ltr'><strong>ricarium</strong></span> <span class='ocrx_word' id='word_1_214' title='bbox 945 2684 1069 2748; x_wconf 90' lang='lat' dir='ltr'><strong>tantum</strong></span> <span class='ocrx_word' id='word_1_215' title='bbox 1089 2680 1189 2748; x_wconf 86' lang='lat' dir='ltr'><strong>seclus</strong></span> <span class='ocrx_word' id='word_1_216' title='bbox 1209 2682 1313 2747; x_wconf 89' lang='lat' dir='ltr'><strong>animo</strong></span> <span class='ocrx_word' id='word_1_217' title='bbox 1327 2700 1400 2747; x_wconf 90' lang='lat' dir='ltr'><strong>cou-</strong></span> 
     </span>
     <span class='ocr_line' id='line_1_24' title="bbox 159 2784 1403 2871; baseline -0.002 -19"><span class='ocrx_word' id='word_1_218' title='bbox 159 2788 319 2871; x_wconf 87' lang='lat' dir='ltr'><strong>ccpturum</strong></span> <span class='ocrx_word' id='word_1_219' title='bbox 343 2803 441 2870; x_wconf 89' lang='lat' dir='ltr'><strong>nsque</strong></span> <span class='ocrx_word' id='word_1_220' title='bbox 463 2784 593 2869; x_wconf 77' lang='lat' dir='ltr'><strong>aggredi</strong></span> <span class='ocrx_word' id='word_1_221' title='bbox 616 2804 773 2863; x_wconf 88' lang='lat' dir='ltr'><strong>ausurum,</strong></span> <span class='ocrx_word' id='word_1_222' title='bbox 799 2804 863 2863; x_wconf 88' lang='lat' dir='ltr'><strong>nec,</strong></span> <span class='ocrx_word' id='word_1_223' title='bbox 886 2785 913 2850; x_wconf 92' lang='lat' dir='ltr'><strong>si</strong></span> <span class='ocrx_word' id='word_1_224' title='bbox 938 2786 1008 2870; x_wconf 89' lang='lat' dir='ltr'><strong>quis</strong></span> <span class='ocrx_word' id='word_1_225' title='bbox 1028 2786 1175 2864; x_wconf 88' lang='lat' dir='ltr'><strong>auderet,</strong></span> <span class='ocrx_word' id='word_1_226' title='bbox 1198 2787 1324 2869; x_wconf 90' lang='lat' dir='ltr'><strong>populos</strong></span> <span class='ocrx_word' id='word_1_227' title='bbox 1346 2787 1403 2850; x_wconf 86' lang='lat' dir='ltr'><strong>aut</strong></span> 
     </span>
     <span class='ocr_line' id='line_1_25' title="bbox 160 2889 1402 2975; baseline -0.002 -20"><span class='ocrx_word' id='word_1_228' title='bbox 160 2892 312 2975; x_wconf 88' lang='lat' dir='ltr'><strong>principes</strong></span> <span class='ocrx_word' id='word_1_229' title='bbox 334 2890 514 2955; x_wconf 89' lang='lat' dir='ltr'><strong>electionum</strong></span> <span class='ocrx_word' id='word_1_230' title='bbox 538 2890 714 2955; x_wconf 89' lang='lat' dir='ltr'><strong>huiusmodi</strong></span> <span class='ocrx_word' id='word_1_231' title='bbox 737 2908 897 2973; x_wconf 87' lang='lat' dir='ltr'><strong>passuros,</strong></span> <span class='ocrx_word' id='word_1_232' title='bbox 921 2908 1000 2972; x_wconf 90' lang='lat' dir='ltr'><strong>quae</strong></span> <span class='ocrx_word' id='word_1_233' title='bbox 1022 2891 1122 2956; x_wconf 89' lang='lat' dir='ltr'><strong>totam</strong></span> <span class='ocrx_word' id='word_1_234' title='bbox 1146 2889 1308 2955; x_wconf 87' lang='lat' dir='ltr'><strong>ecelesiam</strong></span> <span class='ocrx_word' id='word_1_235' title='bbox 1333 2908 1402 2973; x_wconf 88' lang='lat' dir='ltr'><strong>per-</strong></span> 
     </span>
     <span class='ocr_line' id='line_1_26' title="bbox 160 2991 1402 3079; baseline -0.002 -19"><span class='ocrx_word' id='word_1_236' title='bbox 160 2994 310 3071; x_wconf 87' lang='lat' dir='ltr'><strong>turbaret,</strong></span> <span class='ocrx_word' id='word_1_237' title='bbox 334 2994 436 3060; x_wconf 82' lang='lat' dir='ltr'><strong>rarius</strong></span> <span class='ocrx_word' id='word_1_238' title='bbox 458 2996 561 3058; x_wconf 72' lang='lat' dir='ltr'><strong>minen</strong></span> <span class='ocrx_word' id='word_1_239' title='bbox 584 2992 756 3058; x_wconf 85' lang='lat' dir='ltr'><strong>sententiae</strong></span> <span class='ocrx_word' id='word_1_240' title='bbox 776 2991 946 3079; x_wconf 61' lang='lat' dir='ltr'><strong>laurenc).</strong></span> <span class='ocrx_word' id='word_1_241' title='bbox 978 2992 1041 3057; x_wconf 81' lang='lat' dir='ltr'><strong>niti</strong></span> <span class='ocrx_word' id='word_1_242' title='bbox 1059 2992 1230 3058; x_wconf 59' lang='lat' dir='ltr'><strong>Muranum</strong></span> <span class='ocrx_word' id='word_1_243' title='bbox 1243 2992 1281 3077; x_wconf 84' lang='grc'><strong>(1)</strong></span> <span class='ocrx_word' id='word_1_244' title='bbox 1301 2993 1402 3059; x_wconf 88' lang='lat' dir='ltr'><strong>secuti</strong></span> 
     </span>
     <span class='ocr_line' id='line_1_27' title="bbox 160 3095 1401 3180; baseline 0.002 -20"><span class='ocrx_word' id='word_1_245' title='bbox 160 3096 364 3174; x_wconf 73' lang='lat' dir='ltr'><strong>elucidabant,</strong></span> <span class='ocrx_word' id='word_1_246' title='bbox 395 3114 434 3160; x_wconf 93' lang='lat' dir='ltr'><strong>au</strong></span> <span class='ocrx_word' id='word_1_247' title='bbox 454 3096 532 3161; x_wconf 87' lang='lat' dir='ltr'><strong>satis</strong></span> <span class='ocrx_word' id='word_1_248' title='bbox 555 3095 754 3163; x_wconf 85' lang='lat' dir='ltr'><strong>honorificum</strong></span> <span class='ocrx_word' id='word_1_249' title='bbox 778 3098 861 3161; x_wconf 87' lang='lat' dir='ltr'><strong>esset</strong></span> <span class='ocrx_word' id='word_1_250' title='bbox 884 3096 963 3161; x_wconf 87' lang='lat' dir='ltr'><strong>bauo</strong></span> <span class='ocrx_word' id='word_1_251' title='bbox 986 3097 1149 3162; x_wconf 87' lang='lat' dir='ltr'><strong>materiam</strong></span> <span class='ocrx_word' id='word_1_252' title='bbox 1172 3096 1308 3180; x_wconf 82' lang='lat' dir='ltr'><strong>agitari,</strong></span> <span class='ocrx_word' id='word_1_253' title='bbox 1331 3115 1401 3162; x_wconf 89' lang='lat' dir='ltr'><strong>cum</strong></span> 
     </span>
     <span class='ocr_line' id='line_1_28' title="bbox 162 3200 1403 3285; baseline -0.002 -18"><span class='ocrx_word' id='word_1_254' title='bbox 162 3201 210 3267; x_wconf 89' lang='lat' dir='ltr'><strong>rel</strong></span> <span class='ocrx_word' id='word_1_255' title='bbox 231 3200 297 3267; x_wconf 91' lang='lat' dir='ltr'><strong>sola</strong></span> <span class='ocrx_word' id='word_1_256' title='bbox 319 3200 452 3283; x_wconf 87' lang='lat' dir='ltr'><strong>suspicio</strong></span> <span class='ocrx_word' id='word_1_257' title='bbox 483 3218 571 3283; x_wconf 85' lang='lat' dir='ltr'><strong>posse</strong></span> <span class='ocrx_word' id='word_1_258' title='bbox 599 3218 785 3284; x_wconf 88' lang='lat' dir='ltr'><strong>quemquam</strong></span> <span class='ocrx_word' id='word_1_259' title='bbox 809 3203 874 3265; x_wconf 89' lang='lat' dir='ltr'><strong>tum</strong></span> <span class='ocrx_word' id='word_1_260' title='bbox 897 3205 983 3266; x_wconf 87' lang='lat' dir='ltr'><strong>atrox</strong></span> <span class='ocrx_word' id='word_1_261' title='bbox 1006 3200 1126 3265; x_wconf 84' lang='lat' dir='ltr'><strong>facinus</strong></span> <span class='ocrx_word' id='word_1_262' title='bbox 1146 3200 1286 3284; x_wconf 85' lang='lat' dir='ltr'><strong>cogitare</strong></span> <span class='ocrx_word' id='word_1_263' title='bbox 1307 3219 1403 3285; x_wconf 89' lang='lat' dir='ltr'><strong>eoquo</strong></span> 
     </span>
     <span class='ocr_line' id='line_1_29' title="bbox 162 3302 1403 3388; baseline -0.002 -17"><span class='ocrx_word' id='word_1_264' title='bbox 162 3304 330 3371; x_wconf 89' lang='lat' dir='ltr'><strong>remedium</strong></span> <span class='ocrx_word' id='word_1_265' title='bbox 361 3303 569 3388; x_wconf 85' lang='lat' dir='ltr'><strong>quaerendum</strong></span> <span class='ocrx_word' id='word_1_266' title='bbox 601 3302 695 3369; x_wconf 85' lang='lat' dir='ltr'><strong>luisse</strong></span> <span class='ocrx_word' id='word_1_267' title='bbox 726 3303 860 3370; x_wconf 88' lang='lat' dir='ltr'><strong>dedecus</strong></span> <span class='ocrx_word' id='word_1_268' title='bbox 883 3302 1019 3370; x_wconf 87' lang='lat' dir='ltr'><strong>allatura</strong></span> <span class='ocrx_word' id='word_1_269' title='bbox 1042 3303 1192 3370; x_wconf 88' lang='lat' dir='ltr'><strong>rideatur.</strong></span> <span class='ocrx_word' id='word_1_270' title='bbox 1236 3304 1403 3369; x_wconf 85' lang='lat' dir='ltr'><strong>Praeterea</strong></span> 
     </span>
     <span class='ocr_line' id='line_1_30' title="bbox 161 3406 1403 3492; baseline -0.005 -16"><span class='ocrx_word' id='word_1_271' title='bbox 161 3428 353 3476; x_wconf 87' lang='lat' dir='ltr'><strong>communem</strong></span> <span class='ocrx_word' id='word_1_272' title='bbox 377 3406 535 3473; x_wconf 88' lang='lat' dir='ltr'><strong>doctorum</strong></span> <span class='ocrx_word' id='word_1_273' title='bbox 559 3407 748 3473; x_wconf 78' lang='lat' dir='ltr'><strong>molentium</strong></span> <span class='ocrx_word' id='word_1_274' title='bbox 771 3426 838 3473; x_wconf 86' lang='lat' dir='ltr'><strong>sese</strong></span> <span class='ocrx_word' id='word_1_275' title='bbox 860 3426 920 3473; x_wconf 92' lang='lat' dir='ltr'><strong>non</strong></span> <span class='ocrx_word' id='word_1_276' title='bbox 937 3408 1031 3492; x_wconf 78' lang='lat'>[244]</span> <span class='ocrx_word' id='word_1_277' title='bbox 1049 3426 1136 3491; x_wconf 89' lang='lat' dir='ltr'><strong>posse</strong></span> <span class='ocrx_word' id='word_1_278' title='bbox 1154 3406 1329 3491; x_wconf 83' lang='lat' dir='ltr'><strong>pontificem</strong></span> <span class='ocrx_word' id='word_1_279' title='bbox 1343 3407 1403 3471; x_wconf 91' lang='lat' dir='ltr'><strong>sibi</strong></span> 
     </span>
     <span class='ocr_line' id='line_1_31' title="bbox 161 3511 1403 3599; baseline -0.001 -20"><span class='ocrx_word' id='word_1_280' title='bbox 161 3514 276 3599; x_wconf 86' lang='lat' dir='ltr'><strong>eligere</strong></span> <span class='ocrx_word' id='word_1_281' title='bbox 304 3530 529 3590; x_wconf 68' lang='lat' dir='ltr'><strong>successoremr</strong></span> <span class='ocrx_word' id='word_1_282' title='bbox 565 3512 595 3578; x_wconf 91' lang='lat' dir='ltr'><strong>id</strong></span> <span class='ocrx_word' id='word_1_283' title='bbox 630 3511 710 3597; x_wconf 91' lang='lat' dir='ltr'><strong>quod</strong></span> <span class='ocrx_word' id='word_1_284' title='bbox 740 3515 888 3596; x_wconf 87' lang='lat' dir='ltr'><strong>perpetuo</strong></span> <span class='ocrx_word' id='word_1_285' title='bbox 921 3512 1070 3577; x_wconf 87' lang='lat' dir='ltr'><strong>ecelesias</strong></span> <span class='ocrx_word' id='word_1_286' title='bbox 1102 3531 1159 3578; x_wconf 87' lang='lat' dir='ltr'><strong>usu</strong></span> <span class='ocrx_word' id='word_1_287' title='bbox 1195 3512 1403 3578; x_wconf 85' lang='lat' dir='ltr'><strong>confirmetur.</strong></span> 
     </span>
     <span class='ocr_line' id='line_1_32' title="bbox 161 3615 1403 3701; baseline -0.002 -18"><span class='ocrx_word' id='word_1_288' title='bbox 161 3617 294 3701; x_wconf 85' lang='lat' dir='ltr'><strong>Ideoque</strong></span> <span class='ocrx_word' id='word_1_289' title='bbox 317 3616 395 3682; x_wconf 90' lang='lat' dir='ltr'><strong>nihil</strong></span> <span class='ocrx_word' id='word_1_290' title='bbox 418 3616 659 3696; x_wconf 89' lang='lat' dir='ltr'><strong>immutandum,</strong></span> <span class='ocrx_word' id='word_1_291' title='bbox 682 3635 720 3682; x_wconf 87' lang='lat' dir='ltr'><strong>ns</strong></span> <span class='ocrx_word' id='word_1_292' title='bbox 741 3616 773 3682; x_wconf 90' lang='lat' dir='ltr'><strong>id</strong></span> <span class='ocrx_word' id='word_1_293' title='bbox 797 3634 934 3701; x_wconf 90' lang='lat' dir='ltr'><strong>uuquam</strong></span> <span class='ocrx_word' id='word_1_294' title='bbox 949 3616 982 3681; x_wconf 91' lang='lat' dir='ltr'><strong>in</strong></span> <span class='ocrx_word' id='word_1_295' title='bbox 996 3617 1234 3682; x_wconf 78' lang='lat' dir='ltr'><strong>controversiam</strong></span> <span class='ocrx_word' id='word_1_296' title='bbox 1256 3615 1403 3682; x_wconf 88' lang='lat' dir='ltr'><strong>incidisse</strong></span> 
     </span>
     <span class='ocr_line' id='line_1_33' title="bbox 162 3719 1403 3805; baseline -0.002 -18"><span class='ocrx_word' id='word_1_297' title='bbox 162 3721 350 3805; x_wconf 81' lang='lat' dir='ltr'><strong>rideatur⁴).</strong></span> <span class='ocrx_word' id='word_1_298' title='bbox 392 3720 492 3786; x_wconf 87' lang='lat' dir='ltr'><strong>bdaior</strong></span> <span class='ocrx_word' id='word_1_299' title='bbox 513 3724 617 3788; x_wconf 83' lang='lat' dir='ltr'><strong>tannen</strong></span> <span class='ocrx_word' id='word_1_300' title='bbox 641 3740 713 3804; x_wconf 90' lang='lat' dir='ltr'><strong>pars</strong></span> <span class='ocrx_word' id='word_1_301' title='bbox 736 3719 895 3787; x_wconf 84' lang='lat' dir='ltr'><strong>decretum</strong></span> <span class='ocrx_word' id='word_1_302' title='bbox 918 3720 1093 3788; x_wconf 84' lang='lat' dir='ltr'><strong>faciendum</strong></span> <span class='ocrx_word' id='word_1_303' title='bbox 1116 3724 1311 3800; x_wconf 85' lang='lat' dir='ltr'><strong>censuerunt,</strong></span> <span class='ocrx_word' id='word_1_304' title='bbox 1333 3738 1403 3785; x_wconf 85' lang='lat' dir='ltr'><strong>cunr</strong></span> 
     </span>
    </p>
   </div>
   <div class='ocr_carea' id='block_1_8' title="bbox 263 3928 509 4001">
    <p class='ocr_par' dir='ltr' id='par_1_8' title="bbox 263 3928 509 4001">
     <span class='ocr_line' id='line_1_34' title="bbox 263 3928 509 4001; baseline -0.008 -14"><span class='ocrx_word' id='word_1_305' title='bbox 263 3932 292 4000; x_wconf 77' lang='lat' dir='ltr'><strong>a)</strong></span> <span class='ocrx_word' id='word_1_306' title='bbox 311 3930 387 3987; x_wconf 71' lang='lat' dir='ltr'><strong>Lissa</strong></span> <span class='ocrx_word' id='word_1_307' title='bbox 404 3928 509 4001; x_wconf 88' lang='lat' dir='ltr'><strong>nuptui.</strong></span> 
     </span>
    </p>
   </div>
   <div class='ocr_carea' id='block_1_9' title="bbox 161 4117 1405 4711">
    <p class='ocr_par' dir='ltr' id='par_1_9' title="bbox 161 4117 1405 4359">
     <span class='ocr_line' id='line_1_35' title="bbox 266 4117 1402 4192; baseline -0.003 -15"><span class='ocrx_word' id='word_1_308' title='bbox 266 4121 292 4190; x_wconf 92' lang='lat' dir='ltr'><strong>l)</strong></span> <span class='ocrx_word' id='word_1_309' title='bbox 310 4120 496 4178; x_wconf 83' lang='lat' dir='ltr'><strong>constitution</strong></span> <span class='ocrx_word' id='word_1_310' title='bbox 524 4117 670 4175; x_wconf 66' lang='lat' dir='ltr'><strong>’Providus</strong></span> <span class='ocrx_word' id='word_1_311' title='bbox 708 4118 762 4175; x_wconf 91' lang='lat' dir='ltr'><strong>und</strong></span> <span class='ocrx_word' id='word_1_312' title='bbox 801 4120 1004 4192; x_wconf 67' lang='lat' dir='ltr'><strong>»aposolicae«</strong></span> <span class='ocrx_word' id='word_1_313' title='bbox 1034 4119 1109 4175; x_wconf 87' lang='lat' dir='ltr'><strong>Pius&#39;</strong></span> <span class='ocrx_word' id='word_1_314' title='bbox 1140 4120 1190 4177; x_wconf 81' lang='lat' dir='ltr'><strong>IV.</strong></span> <span class='ocrx_word' id='word_1_315' title='bbox 1219 4119 1402 4176; x_wconf 78' lang='lat' dir='ltr'><strong>constitution</strong></span> 
     </span>
     <span class='ocr_line' id='line_1_36' title="bbox 162 4204 1405 4277; baseline -0.002 -12"><span class='ocrx_word' id='word_1_316' title='bbox 162 4209 333 4265; x_wconf 79' lang='lat' dir='ltr'><strong>»iniunctum</strong></span> <span class='ocrx_word' id='word_1_317' title='bbox 364 4206 457 4263; x_wconf 76' lang='lat' dir='ltr'><strong>nobis«</strong></span> <span class='ocrx_word' id='word_1_318' title='bbox 498 4205 581 4261; x_wconf 82' lang='lat' dir='ltr'><strong>Panis</strong></span> <span class='ocrx_word' id='word_1_319' title='bbox 612 4205 657 4261; x_wconf 83' lang='lat' dir='ltr'><strong>lV.</strong></span> <span class='ocrx_word' id='word_1_320' title='bbox 691 4204 841 4262; x_wconf 84' lang='lat' dir='ltr'><strong>Baliarium</strong></span> <span class='ocrx_word' id='word_1_321' title='bbox 876 4208 1035 4263; x_wconf 79' lang='lat' dir='ltr'><strong>Romanum.</strong></span> <span class='ocrx_word' id='word_1_322' title='bbox 1072 4210 1140 4277; x_wconf 75' lang='lat' dir='ltr'><strong>Aug.</strong></span> <span class='ocrx_word' id='word_1_323' title='bbox 1171 4206 1251 4263; x_wconf 80' lang='lat' dir='ltr'><strong>Taur.</strong></span> <span class='ocrx_word' id='word_1_324' title='bbox 1283 4208 1349 4262; x_wconf 82' lang='grc'><strong>1857</strong></span> <span class='ocrx_word' id='word_1_325' title='bbox 1382 4222 1405 4263; x_wconf 84' lang='lat' dir='ltr'><strong>s.</strong></span> 
     </span>
     <span class='ocr_line' id='line_1_37' title="bbox 161 4292 765 4359; baseline -0.007 -9"><span class='ocrx_word' id='word_1_326' title='bbox 161 4295 229 4359; x_wconf 85' lang='lat' dir='ltr'><strong>Vll,</strong></span> <span class='ocrx_word' id='word_1_327' title='bbox 247 4294 282 4350; x_wconf 81' lang='lat'><strong>58</strong></span> <span class='ocrx_word' id='word_1_328' title='bbox 298 4312 348 4359; x_wconf 82' lang='lat' dir='ltr'><strong>ss..</strong></span> <span class='ocrx_word' id='word_1_329' title='bbox 368 4294 433 4359; x_wconf 85' lang='lat' dir='ltr'><strong>vn,</strong></span> <span class='ocrx_word' id='word_1_330' title='bbox 452 4294 506 4349; x_wconf 82' lang='grc'><strong>418</strong></span> <span class='ocrx_word' id='word_1_331' title='bbox 521 4306 570 4358; x_wconf 84' lang='lat' dir='ltr'><strong>ss·;</strong></span> <span class='ocrx_word' id='word_1_332' title='bbox 592 4292 644 4357; x_wconf 81' lang='lat' dir='ltr'><strong>Vl,</strong></span> <span class='ocrx_word' id='word_1_333' title='bbox 660 4292 713 4348; x_wconf 83' lang='grc'><strong>496</strong></span> <span class='ocrx_word' id='word_1_334' title='bbox 730 4308 765 4347; x_wconf 92' lang='lat' dir='ltr'><strong>ss.</strong></span> 
     </span>
    </p>

    <p class='ocr_par' dir='ltr' id='par_1_10' title="bbox 161 4376 1405 4525">
     <span class='ocr_line' id='line_1_38' title="bbox 265 4376 1405 4450; baseline 0.001 -15"><span class='ocrx_word' id='word_1_335' title='bbox 265 4380 293 4450; x_wconf 76' lang='grc'><strong>2)</strong></span> <span class='ocrx_word' id='word_1_336' title='bbox 312 4380 369 4436; x_wconf 90' lang='lat' dir='ltr'><strong>Der</strong></span> <span class='ocrx_word' id='word_1_337' title='bbox 385 4380 513 4437; x_wconf 82' lang='lat' dir='ltr'><strong>cardinal</strong></span> <span class='ocrx_word' id='word_1_338' title='bbox 532 4395 584 4435; x_wconf 90' lang='lat' dir='ltr'><strong>ron</strong></span> <span class='ocrx_word' id='word_1_339' title='bbox 602 4378 696 4435; x_wconf 89' lang='lat' dir='ltr'><strong>Trient</strong></span> <span class='ocrx_word' id='word_1_340' title='bbox 708 4380 745 4433; x_wconf 93' lang='lat' dir='ltr'><strong>ist</strong></span> <span class='ocrx_word' id='word_1_341' title='bbox 756 4378 904 4449; x_wconf 79' lang='lat' dir='ltr'><strong>christoph</strong></span> <span class='ocrx_word' id='word_1_342' title='bbox 916 4380 1060 4437; x_wconf 70' lang='lat' dir='ltr'><strong>marma.</strong></span> <span class='ocrx_word' id='word_1_343' title='bbox 1084 4382 1200 4436; x_wconf 71' lang='lat' dir='ltr'><strong>Walter</strong></span> <span class='ocrx_word' id='word_1_344' title='bbox 1212 4379 1268 4435; x_wconf 87' lang='lat' dir='ltr'><strong>und</strong></span> <span class='ocrx_word' id='word_1_345' title='bbox 1287 4376 1405 4436; x_wconf 72' lang='lat' dir='ltr'><strong>Wolte’s</strong></span> 
     </span>
     <span class='ocr_line' id='line_1_39' title="bbox 161 4467 526 4525; baseline 0.003 -2"><span class='ocrx_word' id='word_1_346' title='bbox 161 4467 396 4524; x_wconf 82' lang='lat' dir='ltr'><strong>Kirebanlexikcu.</strong></span> <span class='ocrx_word' id='word_1_347' title='bbox 415 4486 436 4525; x_wconf 88' lang='lat' dir='ltr'><strong>s.</strong></span> <span class='ocrx_word' id='word_1_348' title='bbox 455 4469 483 4524; x_wconf 88' lang='lat' dir='ltr'><strong>h.</strong></span> <span class='ocrx_word' id='word_1_349' title='bbox 501 4485 526 4524; x_wconf 88' lang='lat' dir='ltr'><strong>r.</strong></span> 
     </span>
    </p>

    <p class='ocr_par' dir='ltr' id='par_1_11' title="bbox 264 4552 1404 4623">
     <span class='ocr_line' id='line_1_40' title="bbox 264 4552 1404 4623; baseline -0.004 -14"><span class='ocrx_word' id='word_1_350' title='bbox 264 4554 293 4623; x_wconf 84' lang='grc'><strong>3)</strong></span> <span class='ocrx_word' id='word_1_351' title='bbox 309 4553 398 4610; x_wconf 88' lang='lat' dir='ltr'><strong>llsber</strong></span> <span class='ocrx_word' id='word_1_352' title='bbox 410 4554 462 4610; x_wconf 91' lang='lat' dir='ltr'><strong>den</strong></span> <span class='ocrx_word' id='word_1_353' title='bbox 473 4552 602 4609; x_wconf 76' lang='lat' dir='ltr'><strong>cnudinel</strong></span> <span class='ocrx_word' id='word_1_354' title='bbox 614 4552 724 4607; x_wconf 85' lang='lat' dir='ltr'><strong>liorcne</strong></span> <span class='ocrx_word' id='word_1_355' title='bbox 745 4552 860 4609; x_wconf 69' lang='lat' dir='ltr'><strong>merser</strong></span> <span class='ocrx_word' id='word_1_356' title='bbox 869 4552 924 4607; x_wconf 91' lang='lat' dir='ltr'><strong>und</strong></span> <span class='ocrx_word' id='word_1_357' title='bbox 940 4554 1055 4609; x_wconf 80' lang='lat' dir='ltr'><strong>Welte’s</strong></span> <span class='ocrx_word' id='word_1_358' title='bbox 1068 4552 1293 4609; x_wconf 80' lang='lat' dir='ltr'><strong>Kircbenlsxikon</strong></span> <span class='ocrx_word' id='word_1_359' title='bbox 1307 4569 1329 4608; x_wconf 87' lang='lat' dir='ltr'><strong>s.</strong></span> <span class='ocrx_word' id='word_1_360' title='bbox 1341 4552 1369 4607; x_wconf 93' lang='lat' dir='ltr'><strong>b.</strong></span> <span class='ocrx_word' id='word_1_361' title='bbox 1379 4568 1404 4606; x_wconf 88' lang='lat' dir='ltr'><strong>r.</strong></span> 
     </span>
    </p>

    <p class='ocr_par' dir='ltr' id='par_1_12' title="bbox 264 4639 1124 4711">
     <span class='ocr_line' id='line_1_41' title="bbox 264 4639 1124 4711; baseline -0.002 -16"><span class='ocrx_word' id='word_1_362' title='bbox 264 4641 293 4711; x_wconf 82' lang='grc'><strong>4)</strong></span> <span class='ocrx_word' id='word_1_363' title='bbox 310 4640 400 4696; x_wconf 81' lang='lat' dir='ltr'><strong>Uebcr</strong></span> <span class='ocrx_word' id='word_1_364' title='bbox 416 4640 467 4697; x_wconf 82' lang='lat' dir='ltr'><strong>deri</strong></span> <span class='ocrx_word' id='word_1_365' title='bbox 486 4639 616 4697; x_wconf 77' lang='lat' dir='ltr'><strong>cardinal</strong></span> <span class='ocrx_word' id='word_1_366' title='bbox 634 4640 787 4695; x_wconf 78' lang='lat' dir='ltr'><strong>Ronmanm</strong></span> <span class='ocrx_word' id='word_1_367' title='bbox 809 4640 978 4696; x_wconf 78' lang='lat' dir='ltr'><strong>ciaconius</strong></span> <span class='ocrx_word' id='word_1_368' title='bbox 995 4639 1046 4706; x_wconf 91' lang='lat' dir='ltr'><strong>lll,</strong></span> <span class='ocrx_word' id='word_1_369' title='bbox 1063 4639 1124 4696; x_wconf 79' lang='lat'><strong>850.</strong></span> 
     </span>
    </p>
   </div>
   <div class='ocr_carea' id='block_1_10' title="bbox 1235 4748 1302 4811">
    <p class='ocr_par' dir='ltr' id='par_1_13' title="bbox 1235 4748 1302 4811">
     <span class='ocr_line' id='line_1_42' title="bbox 1235 4748 1302 4811; baseline 0.015 -1"><span class='ocrx_word' id='word_1_370' title='bbox 1235 4748 1302 4811; x_wconf 78' lang='lat'><strong>28*</strong></span> 
     </span>
    </p>
   </div>
   <div class='ocr_carea' id='block_1_11' title="bbox 0 0 1652 4917">
    <p class='ocr_par' dir='ltr' id='par_1_14' title="bbox 0 0 1652 4917">
     <span class='ocr_line' id='line_1_43' title="bbox 0 0 1652 4917; baseline 0 0"><span class='ocrx_word' id='word_1_371' title='bbox 0 0 1652 4917; x_wconf 95' lang='lat' dir='ltr'><strong> </strong></span> 
     </span>
    </p>
   </div>
  </div>
 </body>
</html>
