3275 4917
257 230 322 297 4³6
508 248 650 318 Synodion
670 251 918 308 Polemoneus
939 251 1100 307 Psalmis
1119 248 1251 305 rra-1892.

259 425 461 503 anguiculum
485 425 518 487 ot
539 422 653 488 auxilia
675 423 849 507 potentiora
879 423 938 487 sibi
967 422 1209 507 comparabunt,
1236 420 1348 506 quibus
1382 421 1512 504 possint

259 528 326 591 turn
347 525 496 593 ulteriora
517 526 615 593 vitare
637 531 770 612 peccata,
796 533 863 594 tum
885 526 1060 611 expeditius
1080 525 1113 591 in
1135 525 1249 592 salutis
1268 525 1319 591 viu
1340 544 1483 609 pergere

362 638 392 706 3.
425 639 575 722 Quoniam
601 640 638 705 ad
665 640 922 707 sacramentalem
946 639 1170 705 absolutionem
1193 638 1295 704 aalide
1316 636 1504 721 impertien-

258 740 341 821 dam,
364 745 486 826 praeter
507 745 693 827 potestatem
716 744 852 824 Ordinis,
877 746 1014 828 potestas
1034 742 1258 809 iurisdictiouis
1280 742 1329 807 rel
1343 741 1507 807 ordinaria

260 844 308 912 vel
330 846 476 931 delegata
500 848 672 913 necessaria
692 850 756 927 ast,
786 853 913 931 excepto
943 848 1052 913 mortis
1082 846 1229 923 articulo,
1260 845 1294 911 in
1314 865 1375 929 quo
1396 864 1508 911 omues

258 949 433 1017 sacerdotes
455 970 474 1016 a
496 952 655 1037 quibusvis
678 953 812 1037 peccatis
833 956 866 1020 et
887 953 1024 1019 censuris
1047 951 1206 1019 absolvere
1225 952 1370 1035 poesuut3
1399 968 1508 1015 sacer·

258 1054 346 1120 dotes
362 1056 429 1120 tum
445 1055 627 1135 saeculares,
644 1062 710 1123 tum
724 1057 881 1142 regulares
894 1057 1137 1123 sacramentales
1152 1055 1358 1121 confessiones
1373 1054 1506 1119 minime

260 1158 396 1243 excipere
416 1160 551 1226 audeant
573 1162 630 1229 sub
653 1161 980 1228 excommunicationis
1003 1161 1086 1227 latae
1109 1160 1283 1227 sententiae
1306 1177 1418 1243 meua,
1442 1158 1504 1222 uisi

262 1264 347 1345 prius
370 1263 551 1331 facultatem
574 1266 775 1333 obtinuerint.

363 1377 393 1441 4.
420 1377 481 1459 Qui
504 1377 637 1462 primum
659 1378 698 1445 ad
718 1398 846 1445 eramen
866 1378 993 1444 admitti
1015 1376 1185 1462 postulant
1207 1377 1236 1442 si
1255 1374 1430 1443 maculares
1451 1392 1505 1439 sa·

260 1479 398 1545 cerdotss
421 1481 493 1559 siut,
517 1482 659 1547 exhibere
683 1483 795 1548 detaut
818 1483 941 1549 litteras
963 1500 1089 1547 suorum
1112 1481 1315 1566 parochorum
1338 1481 1503 1555 testantes.

261 1603 311 1648 eos
335 1584 578 1668 irreprehensam
607 1586 718 1652 ducere
749 1588 844 1653 vitam
866 1586 1094 1671 diligenterque
1117 1586 1198 1668 ipsos
1220 1583 1387 1669 parochos,
1410 1601 1501 1666 prae·

261 1689 369 1753 sertim
399 1689 432 1754 iu
463 1691 691 1757 catechizandis
721 1692 841 1774 pneris,
871 1692 1027 1757 adiurare.
1072 1690 1244 1776 Regrrlaree
1266 1707 1338 1754 uero
1360 1686 1505 1753 exbibete

260 1793 373 1858 debent
394 1812 519 1859 suorum
536 1796 775 1880 praepositorum
792 1796 925 1877 litteras,
949 1816 985 1861 ex
1004 1796 1117 1879 quibus
1130 1796 1253 1861 constet
1273 1810 1325 1859 eos
1338 1790 1506 1876 prudentia

261 1900 293 1961 et
315 1916 433 1963 morum
456 1899 659 1966 sanctimonia
680 1903 805 1968 ornatos
826 1918 902 1966 esee.

365 2012 395 2076 5.
421 2010 553 2077 Examen
576 2012 616 2076 ud
639 2012 851 2097 approbandos
871 2017 905 2078 et
918 2012 1142 2079 confirmandos
1157 2010 1360 2077 contessarios
1375 1963 1505 2075 babebi-

262 2117 314 2178 tur
336 2113 366 2178 iu
390 2114 516 2181 aedibus
540 2116 781 2200 episcopalibus,
812 2120 845 2182 et
873 2116 997 2202 quidem
1029 2117 1187 2183 mousibus
1206 2134 1244 2180 ae
1265 2114 1374 2180 diebus
1394 2111 1447 2195 qui
1470 2110 1505 2176 iu

263 2218 450 2283 Kalendario
470 2220 632 2287 diocesano
654 2220 844 2289 iudicantur.
878 2221 1078 2287 [declaramus
1098 2222 1202 2286 numm
1225 2238 1277 2285 eos
1299 2218 1352 2302 qui
1374 2216 1414 2281 ad
1429 2234 1504 2282 cou-

263 2322 409 2388 fessioues
430 2324 599 2391 audiendas
621 2345 640 2391 a
663 2326 759 2392 Nobis
783 2327 832 2391 vel
855 2345 874 2391 a
897 2325 1022 2391 Vinario
1043 2329 1147 2391 nostro
1177 2322 1315 2409 generali
1342 2319 1504 2405 approbati

264 2426 394 2503 luerint,
425 2447 513 2513 posse
540 2430 571 2494 iu
594 2448 651 2496 sua
675 2449 827 2515 quemque
852 2428 1005 2510 Dioecesi‚
1036 2427 1187 2514 permissu
1215 2430 1323 2493 tamen
1348 2428 1504 2493 rectorum

262 2530 409 2616 cuiusque
432 2533 596 2614 ecclesiae,
619 2553 687 2601 earn
709 2534 954 2603 iurisdietionem
978 2552 1130 2613 exercere,
1154 2532 1214 2599 uisi
1237 2532 1271 2597 in
1292 2530 1407 2597 litteris
1429 2547 1505 2594 eou-

263 2635 407 2701 cessionis
437 2636 559 2721 aliquae
587 2638 732 2704 ecclesiae
763 2642 908 2722 exceptae
938 2637 1061 2704 fuerint.
1115 2635 1246 2703 Parochi
1277 2653 1346 2701 raro
1376 2651 1504 2699 suorum

262 2738 455 2805 subditorum
481 2741 593 2825 ubique
614 2743 709 2808 etiam
733 2746 820 2808 extra
841 2742 1006 2809 dioecesim
1028 2744 1158 2826 possunt
1179 2740 1382 2807 confessiones
1401 2736 1504 2801 valide

263 2842 386 2920 audira;
417 2864 476 2911 uon
506 2848 610 2912 tamon
635 2846 738 2926 licite,
769 2847 795 2912 si
818 2845 851 2912 id
873 2846 997 2931 publice
1019 2847 1135 2932 absque
1155 2844 1283 2911 lieentia
1306 2840 1428 2910 rectoris
1447 2858 1500 2905 ec-

263 2946 374 3014 clesiae
397 2949 559 3036 laciant1).

367 3061 397 3129 6.
427 3060 644 3130 Sacerdotibus
667 3066 788 3145 eutem,
819 3064 873 3149 qui
896 3082 950 3148 per
971 3062 1157 3130 obliuionem
1178 3057 1409 3145 adpmbatiouis
1429 3076 1504 3123 eon·

264 3164 469 3232 firmationem
493 3186 553 3234 uou
575 3168 743 3252 petierunt,
775 3170 854 3234 hauc
879 3186 1081 3254 prorogamus
1104 3186 1162 3232 uon
1184 3165 1284 3233 solum
1306 3163 1407 3249 quoad
1430 3162 1508 3246 ipsis

263 3273 424 3336 succurrat
444 3290 606 3338 concessae
628 3273 851 3339 iurisdictionis
879 3276 1002 3356 tempus
1032 3289 1187 3349 cessasse,
1215 3288 1271 3337 seu
1298 3269 1394 3334 donec
1424 3268 1508 3332 bona

263 3372 339 3438 fides
361 3373 459 3454 duret,
485 3375 538 3440 sed
560 3376 653 3441 etiam
678 3376 814 3443 adultos
837 3376 1011 3462 quindecim
1036 3375 1120 3453 dies,
1144 3377 1179 3441 ut
1202 3373 1325 3440 lucilius
1347 3373 1452 3457 petere
1472 3375 1509 3437 et

263 3476 402 3543 obtinere
422 3482 546 3564 queant,
569 3480 607 3546 de
628 3500 689 3565 qua
711 3481 834 3566 agimus
857 3481 1049 3548 facultatem.

369 3590 397 3659 7.
422 3591 607 3661 Confessarii
630 3594 696 3660 sine
718 3594 844 3677 speciali
870 3593 1090 3678 approbatione
1111 3592 1249 3676 excipere
1269 3591 1425 3673 nequeunt
1441 3607 1508 3655 mo·

265 3692 394 3761 uialium
416 3697 637 3776 confessiones,
667 3716 704 3764 ue
734 3700 873 3782 ternpore
896 3699 1022 3782 quidem
1044 3697 1191 3773 iubilaei;
1220 3714 1299 3781 quae
1325 3692 1508 3777 approbatio

265 3799 341 3863 adeo
364 3803 536 3868 necessaria
556 3805 605 3869 est
628 3804 680 3881 ut,
711 3803 914 3882 mandauit,
943 3804 1027 3886 ipsae
1057 3800 1262 3868 confessiones
1285 3798 1388 3864 nullae
1410 3799 1507 3880 utque

264 3904 386 3973 irritato
406 3905 470 3975 siut
483 3907 519 3993 ¹).

368 4019 397 4086 8.
421 4019 561 4105 Itemque
583 4039 673 4086 nemo
695 4022 760 4086 eine
783 4023 887 4087 nostra
908 4020 1036 4105 speciali
1058 4017 1279 4103 approbatione
1302 4014 1412 4082 audiat
1432 4032 1508 4080 eou-

266 4122 411 4189 iessioues
431 4142 585 4202 sororum,
607 4143 686 4208 quae
717 4124 798 4191 votis
827 4126 1020 4210 simplicibus
1042 4122 1209 4189 obstrictae
1228 4121 1309 4199 sint,
1335 4120 1509 4187 aliarumve

265 4226 429 4293 mulierum
451 4246 530 4313 quae
553 4248 615 4295 uua
637 4228 730 4295 simul
753 4230 809 4295 sub
834 4230 940 4314 aliqua
961 4228 1072 4316 regula
1093 4228 1190 4293 vitam
1213 4224 1427 4310 traducunto,
1450 4243 1510 4289 nec

371 4437 534 4505 1)Β.0.0.
559 4440 600 4495 19.
620 4438 688 4495 Nor.
708 4438 784 4495 1⁷07.
810 4468 845 4481 -·
870 4439 899 4509 2)
917 4438 1016 4496 &aad
1035 4438 1127 4504 XIIL,
1150 4436 1242 4495 coust
1268 4436 1444 4493 Pastorulte
1463 4435 1511 4503 o!-

264 4524 337 4592 fice't
353 4528 382 4579 ot
400 4524 481 4595 (ἆτος.
500 4524 573 4591 XV„
591 4524 673 4581 Bulla
692 4526 904 4583 inscrutabili
926 4554 959 4567 ·-
979 4525 1008 4595 t)
1026 4526 1053 4581 S.
1074 4524 1103 4582 O.
1122 4523 1152 4581 C.
1172 4524 1211 4579 lt
1228 4522 1308 4581 Febr.
1329 4523 1411 4588 leae.
1430 4524 1459 4578 et
1477 4522 1508 4581 8.

267 4606 296 4663 C.
314 4608 362 4679 Ep.
381 4613 409 4664 et
428 4610 495 4681 lieg.
514 4612 557 4667 tl.
575 4612 649 4681 Sept
670 4612 746 4669 1861.
