3275 4917
217 273 281 339 238
465 292 608 363 &nodus
627 293 834 349 Pistor-terrola
853 299 883 348 ct
904 293 1064 348 Prarmm
1083 309 1112 348 u.
1131 291 1216 348 1892.

217 462 386 549 praeditus,
411 465 587 550 quindecim
610 467 722 534 saltem
745 465 865 542 diebus,
887 465 934 532 sin
958 484 1029 531 vero
1052 465 1244 549 alienigena,
1267 484 1329 531 nno
1351 465 1462 531 saltem

218 587 323 634 mense
354 571 426 634 ante
458 569 538 635 diem
571 571 685 636 testum
721 590 774 656 per
808 570 975 654 parocbum
1007 569 1105 636 Nobis
1135 570 1185 635 rel
1213 571 1317 636 nostro
1340 569 1464 634 vicario

219 672 357 758 generali
383 677 581 758 proponatur.

323 786 353 854 5.
377 783 523 852 canonici
546 788 679 871 praediti
701 787 872 873 theologuli
896 789 1087 872 praebenda,
1111 806 1239 872 quorum
1263 787 1462 871 praecipuum

219 887 424 955 oldcinm‘ost
448 909 568 958 sacram
591 891 784 977 Scripturam
812 893 976 977 explanare
998 896 1030 959 st
1052 889 1266 975 interpretari,
1298 891 1464 975 quotannis

219 996 270 1058 tot
290 993 428 1061 babeant
456 995 620 1076 lectiones,
649 1000 725 1082 quot
754 998 868 1062 babere
899 995 1020 1066 dehent.
1067 997 1153 1080 Quae
1178 996 1302 1080 quidem
1327 1013 1382 1077 pro
1406 995 1463 1061 Ca·

221 1097 356 1162 tbedrali
380 1099 557 1183 pistoriensi
581 1121 615 1167 ex
634 1102 840 1168 institutionis
857 1107 946 1185 pacto
962 1102 1177 1168 suntnumero
1193 1098 1463 1183 vigintiquatuor,

220 1202 253 1266 ct
276 1221 329 1284 pro
351 1201 531 1270 cathedrali
556 1206 691 1289 pratensi
715 1208 790 1290 quot
812 1225 831 1270 a
853 1209 962 1272 sanctu
984 1204 1062 1272 Sede
1086 1204 1314 1289 praefinientur.
1344 1201 1465 1287 Siquis

221 1323 293 1371 raro
312 1323 401 1372 suurn
425 1308 596 1393 neglexerit
618 1310 774 1390 officium,
809 1329 863 1394 pro
894 1329 1014 1394 qusque
1044 1311 1177 1376 lectione
1207 1309 1337 1386 omissa,
1370 1307 1463 1372 tortis

221 1411 309 1494 parte
332 1413 534 1494 proventuum
565 1414 697 1498 siugulis
727 1414 911 1480 lectionibus
933 1415 1182 1498 respondentium
1207 1413 1383 1477 mulctetur.
1430 1411 1464 1474 ln

221 1532 295 1580 casn
319 1519 423 1580 autem
446 1518 598 1600 grauioris
619 1517 833 1584 contumaciae
855 1519 907 1605 qui
932 1518 1130 1602 praebendati
1153 1519 1235 1583 vices
1258 1516 1377 1600 iugitur
1393 1535 1464 1600 sup·

222 1618 317 1702 pleat,
339 1619 421 1686 iusta
445 1623 532 1704 parte
555 1622 711 1689 lructnum
736 1623 872 1706 potiatur
882 1626 917 1705 ¹).

329 1732 360 1798 6.
394 1733 474 1798 llum
510 1736 640 1818 populus
670 1736 709 1801 ad
732 1735 919 1800 audiendum
943 1736 1070 1802 uerbum
1094 1735 1151 1800 Dei
1175 1731 1333 1808 corrronit,
1367 1732 1466 1796 uiris

223 1837 423 1916 mulieribus,
446 1839 473 1903 si
496 1838 561 1904 fieri
585 1840 692 1923 possit,
716 1840 933 1919 secernantur,
957 1858 994 1906 ne
1017 1858 1116 1905 mores
1138 1858 1173 1904 ex
1195 1838 1355 1919 utriusque
1378 1853 1466 1900 sexus

223 1939 400 2006 contusione
422 1942 545 2026 aliquod
568 1945 789 2009 detrimentum
812 1943 948 2028 capiant.
995 1945 1177 2020 Praeterea,
1202 1942 1228 2006 si
1252 1941 1376 2024 quando
1398 1945 1467 2023 post

224 2045 430 2128 vespertinam
453 2046 673 2113 salutationem
697 2047 872 2132 angelicam
895 2048 986 2114 iustis
1009 2047 1047 2113 de
1069 2047 1170 2113 causis
1186 2047 1290 2112 concio
1306 2044 1467 2128 protraha-

223 2149 286 2227 tur,
311 2167 349 2213 no
371 2149 518 2214 scandala
539 2152 693 2229 eueniant,
716 2151 848 2218 ecclesia
869 2152 948 2218 satis
969 2169 1120 2235 superque
1139 2149 1344 2216 illuminetur.

329 2261 358 2326 7.
390 2261 504 2328 Omnes
526 2265 632 2329 autem
655 2283 758 2330 sacros
787 2268 923 2330 oratores
948 2265 1143 2330 vehomenter
1167 2262 1327 2328 hortamur
1351 2263 1467 2326 utnon

224 2364 406 2448 semetipsos
429 2367 621 2450 praedicent,
654 2368 706 2434 sed
729 2367 837 2435 Jesum
862 2369 1036 2446 Christum,
1068 2370 1098 2433 et
1128 2367 1209 2431 hunc
1239 2365 1416 2430 crucifixum
1431 2364 1467 2448 ¹).

226 2468 313 2551 Quod
337 2471 373 2534 nt
394 2470 515 2536 facilius
536 2477 702 2555 praestent,
727 2472 924 2539 meminerint
942 2471 1130 2538 christianae
1145 2469 1338 2554 eloquentiae
1355 2471 1415 2533 rim
1437 2469 1468 2532 in

225 2591 260 2637 eo
282 2574 415 2656 positam
439 2593 521 2652 asse,
554 2577 632 2660 quod
669 2577 863 2660 argumentis
893 2579 1016 2642 omnino
1046 2577 1143 2641 sacris
1174 2575 1313 2640 homines
1336 2592 1352 2638 c
1376 2591 1469 2638 coeno

226 2676 344 2760 peccati
364 2678 549 2756 releventur,
579 2681 618 2744 ad
648 2679 797 2744 uirtutem
829 2679 1024 2746 excolendam
1056 2680 1228 2746 excitentur
1256 2679 1348 2744 etad
1373 2695 1469 2760 regna

226 2781 390 2861 caelestia,
422 2782 591 2849 auxiliante
619 2783 700 2860 Deo,
733 2785 949 2867 perducantur.
1001 2783 1086 2850 Sacri
1110 2785 1191 2849 cuim
1215 2787 1352 2850 oratores
1375 2783 1413 2845 ad
1437 2801 1469 2846 se

226 2887 402 2950 convortere
432 2891 561 2970 possunt
588 2890 621 2954 et
650 2888 764 2954 debent
793 2888 871 2954 illud
898 2889 1007 2955 Pauli:
1047 2889 1125 2954 »Pro
1158 2888 1281 2955 Christo
1314 2887 1469 2971 legatione

226 2989 395 3074 fungimur,
419 2993 579 3076 tamquam
605 2994 668 3058 Deo
691 2993 874 3058 exhortante
894 3013 947 3076 per
970 3013 1023 3059 uos
1036 2997 1092 3077 ⁸).‹
1126 2995 1170 3059 llx
1188 3012 1246 3075 quo
1262 2993 1349 3076 patet
1364 3010 1469 3056 sacrae

226 3094 429 3179 eloquentiae,
453 3095 553 3161 fontes
575 3095 696 3163 diuinas
717 3117 784 3163 osse
806 3097 984 3182 Scripturas
1004 3098 1200 3181 divinamque
1220 3097 1429 3173 traditionem,
1453 3114 1469 3160 c

226 3199 338 3281 quibus
362 3199 417 3264 Dei
442 3202 579 3278 verbum,
603 3202 680 3267 duco
703 3221 739 3266 ac
762 3203 913 3287 magistra
936 3201 1091 3268 catholica
1111 3220 1147 3266 ac
1165 3202 1302 3267 Romana
1320 3199 1468 3277 Ecclesia,

226 3307 295 3368 tuto
318 3305 499 3389 copioseque
522 3305 675 3371 hauritur.
718 3307 860 3372 'l'raditio
882 3326 952 3372 vero
981 3306 1105 3390 scriptis
1128 3309 1303 3371 sanctorum
1330 3306 1469 3382 Petrum,

228 3406 374 3473 Conciliis
401 3411 623 3488 oecumenicis,
655 3411 864 3476 &manorum
898 3410 1082 3477 Pontificum
1112 3409 1401 3489 constitutionibus,
1434 3427 1471 3474 ac

227 3511 315 3575 libris
337 3512 515 3596 symbolicis
538 3519 571 3579 et
593 3515 749 3599 liturgicis
771 3514 956 3578 continetur.
1013 3514 1099 3580 Sacri
1122 3516 1258 3580 oratores
1280 3515 1377 3598 igitur
1400 3532 1469 3578 cum

228 3613 268 3680 ad
296 3615 504 3697 probandum,
541 3620 608 3682 tum
644 3619 682 3684 ad
718 3618 921 3697 mouendum,
955 3636 990 3682 ex
1024 3618 1108 3684 bisce
1138 3619 1300 3702 praecipue
1335 3617 1471 3682 lontibus

229 3719 375 3784 hauriant
405 3723 598 3803 argumenta.
648 3721 788 3805 Itemque
822 3741 874 3787 cos
905 3741 1063 3788 monemus
1096 3727 1130 3786 ut
1160 3723 1320 3806 perspicua
1349 3721 1470 3786 dicendi

228 3823 347 3888 ratione
369 3826 597 3907 quammaxime
620 3829 757 3893 utantur.
803 3825 1009 3907 Quamobrem
1034 3827 1126 3891 uerba
1150 3827 1301 3892 inusitata
1321 3831 1353 3890 et
1370 3829 1472 3889 minus

228 3927 318 3993 obuia
340 3915 398 3992 noo
421 3930 601 4007 adhibeant,
625 3930 784 4015 multoque
808 3931 909 4014 magis
931 3935 1061 3996 careant
1083 3950 1120 3996 ne
1143 3931 1263 3997 tabulas
1279 3931 1472 4014 ineptiasque

228 4032 325 4096 sacris
347 4033 544 4099 concionibus
566 4034 772 4112 immisceant,
798 4053 894 4117 neque
918 4055 953 4100 ex
973 4034 1021 4100 his
1043 4036 1143 4119 magis
1168 4055 1276 4101 vanarn
1294 4035 1424 4118 gloriam
1440 4035 1473 4099 et

229 4137 276 4201 sul
296 4137 544 4217 admirationem,
569 4158 662 4221 qnam
687 4139 790 4222 populi
812 4139 1057 4205 aedificationem
1081 4142 1215 4223 captent.
1247 4139 1401 4224 Scriptum
1425 4141 1473 4204 est

228 4240 329 4306 enim:
357 4239 406 4305 »Si
431 4242 500 4324 quis
523 4242 670 4327 loquitur,
694 4243 782 4328 quasi
806 4262 961 4309 sermones
985 4243 1060 4308 Dei«
1087 4245 1274 4329 loquacem).
1317 4244 1376 4327 Qui
1402 4262 1472 4308 vero

230 4343 306 4408 baec
329 4344 498 4429 neglexerit
520 4347 614 4427 iussa,
637 4367 656 4414 a
678 4348 809 4431 parocho
831 4348 879 4413 uel
896 4349 934 4410 ab
951 4349 1012 4413 alio
1028 4349 1187 4414 sacerdote
1201 4353 1322 4414 astante
1338 4348 1472 4414 fraterne

333 4544 359 4613 1)
385 4544 486 4603 Bcuod.
511 4547 603 4613 xm..
630 4546 723 4605 Gom
753 4551 927 4604 Pastoralts
955 4549 1065 4618 oflicii,
1100 4548 1144 4604 die
1172 4549 1214 4606 19.
1242 4549 1307 4606 ltail
1335 4548 1410 4607 1725.
1438 4579 1474 4592 -

230 4627 1177 4703 a)tttce1,2a.-a)11.cor.v,to.-l)1.Peur.1v,1t.
